1971 3101
266 105 319 145 16
844 114 1111 146 consules
1142 102 1304 146 suros.

262 233 398 294 culo;
446 242 497 282 et
535 233 680 283 facile
717 233 841 283 effici
875 250 1032 299 posse.
1108 233 1271 283 Ponte
1303 233 1439 283 enim
1471 233 1679 284 rescisso
1710 251 1879 301 regem

262 313 340 361 vel
368 313 591 361 hostium
618 313 751 362 ferro
777 312 856 362 vel
883 312 1050 378 inopia
1077 312 1249 377 paucis
1273 311 1453 362 diebus
1477 312 1819 363 interiturum.

330 391 412 440 Ad
450 391 542 440 hoc
573 392 836 441 consilium
871 409 984 440 eum
1022 390 1248 456 plerique
1277 390 1585 453 accederent,
1621 391 1878 442 Histiaeus

265 471 504 531 Milesius,
542 489 603 520 ne
637 489 714 520 res
747 471 1088 529 conficeretur,
1126 469 1339 530 obstitit,
1375 469 1568 520 dicens:
1606 487 1706 520 non
1744 470 1878 520 idem

260 551 392 616 ipsiS‚
435 551 520 615 qui
560 568 780 599 summas
821 550 1017 615 imperii
1059 557 1305 609 tenerent,
1347 549 1584 616 expedire
1621 558 1674 600 et
1710 550 1879 600 multi-

260 631 441 689 tudini,
482 629 618 694 quod
658 629 798 678 Darii
837 646 992 694 regno
1030 629 1254 694 ipsorum
1291 628 1541 678 niteretur
1575 627 1855 679 dominatio
1868 649 1879 690 ;

259 726 360 773 quo
385 710 637 757 exstineto
663 709 797 773 ipsos
824 718 1075 773 potestate
1096 707 1333 773 expulsos
1353 707 1546 757 civibus
1565 708 1668 757 suis
1693 725 1878 774 poenas

258 788 480 838 daturos,
560 788 737 852 Itaque
763 786 889 835 adeo
915 805 965 835 se
991 786 1262 836 abhorrere
1292 805 1321 835 a
1347 796 1627 836 ceterorum
1653 787 1873 847 consilio,

259 879 314 916 ut
351 868 473 916 nihil
508 877 653 932 putet
689 867 807 932 ipsis
834 866 1010 914 utilius
1036 884 1188 931 quam
1214 867 1497 916 confirmari
1523 883 1735 934 regnum
1765 867 1877 915 Per-

259 963 439 994 sarum.
519 946 684 994 Huius
727 962 841 993 cum
886 946 1191 994 sententiam
1240 944 1445 1011 plurimi
1491 954 1658 995 essent
1700 945 1873 1006 secuti,

263 1025 531 1079 Miltiades,
582 1043 678 1073 non
729 1024 970 1072 dubitans
1016 1033 1119 1073 tam
1163 1024 1338 1073 multis
1380 1024 1589 1074 consciis
1630 1023 1696 1073 ad
1745 1024 1877 1090 regis

258 1122 402 1152 aures
441 1104 645 1153 consilia
684 1121 773 1152 sua
812 1112 1131 1169 perventura,
1171 1103 1541 1153 Chersonesum
1578 1103 1785 1168 reliquit
1819 1120 1876 1153 ac

259 1200 430 1232 rursus
459 1183 685 1231 Athenas
712 1182 1031 1249 demigravit.
1113 1182 1270 1232 Cuius
1296 1183 1425 1231 ratio
1450 1182 1544 1232 etsi
1571 1199 1670 1232 non
1697 1182 1872 1243 valuit,

260 1272 427 1310 tamen
473 1280 775 1327 magnopere
819 1272 895 1310 est
939 1261 1204 1321 laudanda,
1248 1278 1359 1310 cuni
1400 1261 1608 1311 amicior
1648 1261 1875 1311 omnium

260 1341 478 1389 libertati
508 1359 658 1405 quam
688 1359 806 1390 suae
833 1341 988 1391 fuerit
1013 1340 1362 1390 dominationi.

325 1421 369 1470 4.
418 1421 599 1468 Darius
641 1432 811 1469 autem
851 1438 963 1470 eum
1002 1438 1064 1470 ex
1106 1420 1306 1486 Europa
1349 1420 1399 1469 in
1435 1420 1608 1469 Asiam
1646 1419 1871 1481 redisset,

258 1500 578 1548 hortantibus
604 1502 789 1559 amieis,
820 1510 878 1549 ut
904 1501 1165 1549 Graeciam
1194 1500 1445 1565 redigeret
1470 1500 1521 1548 in
1547 1516 1688 1549 suam
1715 1507 1868 1565 potes-

258 1591 428 1639 tatem,
467 1581 672 1629 classem
712 1582 1105 1646 quingentarum
1146 1580 1350 1628 navium
1386 1579 1697 1645 comparavit
1728 1579 1874 1644 eique

262 1660 277 1708 1
292 1661 431 1708 ›atim
461 1661 699 1725 praefecit
721 1670 767 1709 et
794 1660 1165 1726 Artaphernem
1192 1659 1369 1724 hisque
1388 1658 1608 1707 ducenta
1627 1657 1870 1724 peditum,

257 1739 427 1788 decem
463 1739 599 1787 milia
632 1741 861 1804 equitum
900 1739 1055 1800 (ledit,
1092 1755 1291 1788 eausam
1330 1738 1646 1797 interserens,
1682 1754 1734 1787 se
1767 1737 1875 1787 hos-

259 1828 358 1866 tem
387 1836 492 1867 esse
521 1819 930 1878 Athenieiisib11S‚
955 1818 1091 1884 quod
1119 1834 1293 1867 eorum
1312 1816 1504 1866 auxilio
1532 1816 1677 1866 Iones
1702 1815 1874 1866 Sardis

258 1907 633 1961 expugnassent
667 1915 855 1962 suaque
884 1897 1130 1962 praesidia
1163 1895 1549 1946 interfecissent.
1626 1894 1705 1945 Illi
1738 1911 1874 1961 prae-

260 1976 374 2024 fecti
412 1977 531 2039 regii
561 1977 714 2025 classe
740 1976 802 2024 ad
841 1976 1093 2025 Euboeam
1119 1975 1330 2042 appulsa
1364 1974 1594 2025 celeriter
1624 1973 1872 2025 Eretriam

258 2064 499 2119 ceperunt
532 2073 805 2120 omnesque
839 2055 945 2104 eius
977 2055 1143 2119 gentis
1177 2055 1311 2103 cives
1346 2054 1583 2120 abreptos
1614 2053 1666 2103 in
1700 2052 1871 2102 Asiam

257 2134 319 2182 ad
367 2153 531 2197 regem
578 2135 837 2183 miserunt.
918 2134 1038 2183 Inde
1082 2133 1146 2182 ad
1192 2133 1418 2182 Atticam
1459 2140 1775 2183 accesserunt
1816 2149 1872 2181 ac

258 2230 371 2260 snas
406 2215 570 2277 copias
611 2215 657 2261 in
695 2231 926 2278 eampum
971 2212 1271 2262 Marathona
1301 2210 1639 2262 deduxerunt.
1716 2210 1764 2260 Is
1797 2218 1875 2261 est

257 2293 320 2340 ab
354 2292 539 2357 oppido
571 2294 768 2342 circiter
798 2293 934 2341 milia
974 2310 1209 2358 passuum
1241 2291 1427 2342 decem.
1504 2290 1613 2341 Hoc
1647 2289 1872 2340 tumultu

260 2371 594 2420 Athenienses
622 2383 723 2420 tam
754 2373 1036 2438 propinquo
1068 2381 1272 2437 tamque
1298 2387 1483 2437 magno
1514 2369 1727 2436 permoti
1754 2385 1873 2419 aux·

260 2450 398 2499 ilium
446 2468 690 2514 nusquam
744 2452 835 2499 nisi
886 2470 914 2499 a
968 2449 1371 2500 Lacedaemoniis
1420 2448 1713 2515 petiverunt
1762 2448 1874 2498 Phi·

257 2528 569 2594 dippumque
619 2546 867 2578 cursorem
915 2530 1021 2579 eius
1068 2529 1280 2595 generis,
1326 2528 1411 2594 qui
1462 2526 1873 2578 hemerodromoe

260 2617 516 2667 vorantur,
559 2607 981 2657 lacedaemonem
1021 2609 1280 2667 miserunt,
1318 2615 1378 2657 ut
1410 2606 1683 2668 nuntiaret,
1720 2622 1872 2673 quam

258 2685 402 2735 celeri
445 2703 570 2752 opus
610 2696 741 2735 esset
782 2687 987 2736 auxilio.
1080 2686 1226 2736 Domi
1270 2694 1442 2736 autem
1484 2693 1659 2737 creant
1699 2684 1872 2737 decem

259 2774 527 2831 praetores,
557 2766 642 2830 qui
693 2765 935 2815 exercitui
966 2772 1265 2831 praeessent,
1295 2764 1346 2815 in
1372 2765 1444 2815 eis
1472 2762 1769 2815 Miltiadem.

330 2843 469 2894 Inter
501 2861 627 2910 quos
663 2861 846 2912 magna
880 2844 979 2894 fuit
1010 2843 1283 2905 contentiO,
1311 2850 1485 2894 utrum
1521 2842 1784 2895 moenibus
1819 2858 1873 2894 se

1544 2921 1705 2964 (1827)
