2004 3165
824 98 1044 132 articus.
1066 140 1071 146 ,
1709 103 1767 144 85

171 207 250 261 19.
293 209 564 265 Hactenus
598 216 779 268 Attico
813 219 935 271 vivo
968 221 1109 272 edita
1135 242 1165 274 a
1200 226 1346 277 nobis
1380 241 1516 280 sunt.
1595 231 1763 294 Nunc,

96 291 343 358 quoniam
382 293 594 347 fortuna
634 315 726 349 nos
764 303 1072 368 superstites
1111 306 1155 355 ei
1196 324 1304 358 esse
1345 309 1524 372 voluit,
1567 313 1766 381 reliqua

95 388 470 441 persequemur
508 386 576 440 et,
619 390 877 447 quantum
917 386 1257 451 potuerimuS,
1302 408 1473 441 rerum
1513 396 1764 463 exemplis

92 452 310 506 lectores
331 456 645 523 docebimus,
670 463 803 513 sicut
825 482 981 532 supra
999 467 1416 535 significavimus,
1439 491 1558 524 suos
1576 477 1763 544 cuique

90 551 259 587 mores
285 537 592 608 plerumque
620 545 891 597 conciliare
919 547 1196 601 fortunam.
1278 552 1517 622 Namque
1546 556 1626 608 hic
1649 577 1763 609 con-

89 624 268 669 tentus
311 619 494 673 ordine
545 628 788 691 equestri,
837 646 940 695 quo
986 639 1098 681 erat
1148 642 1306 696 orum,
1355 636 1407 685 in
1451 640 1758 692 affinitatem

87 700 329 764 pervenit
367 701 710 770 imperatoriS‚
752 708 860 759 divi
902 710 1008 772 filii,
1040 730 1157 763 cum
1197 715 1298 765 iam
1336 725 1458 769 ante
1498 719 1759 773 familiari-

85 786 250 831 tatem
277 782 387 833 eius
423 795 559 837 esset
590 799 898 842 consecutus
930 793 1072 843 nulla
1097 795 1198 845 alia
1229 815 1283 847 re
1310 816 1466 865 quam
1499 801 1758 870 elegantia

84 861 237 926 vitae,
285 881 388 931 qua
430 876 627 920 ceteros
668 881 874 939 ceperat
919 875 1178 944 principes
1223 879 1451 931 civitatis
1495 882 1754 952 dignitate

81 942 207 1009 pari,
250 944 464 998 fortuna
503 949 818 1004 humiliores.
898 954 1067 1006 Tanta
1107 959 1244 1009 enim
1284 965 1604 1030 prosperitas
1633 966 1754 1018 Cae-

80 1041 248 1076 sarem
287 1035 367 1078 est
404 1043 693 1096 consecuta,
736 1044 797 1085 ut
836 1036 964 1087 nihil
1005 1039 1049 1089 ei
1091 1058 1194 1090 non
1240 1043 1485 1096 tribuerit
1523 1047 1748 1111 fortuna,

78 1106 221 1173 quod
263 1110 505 1177 cuiquam
538 1122 661 1165 ante
695 1115 958 1181 detulerit,
999 1130 1051 1171 et
1085 1124 1385 1187 conciliarit,
1423 1129 1563 1194 quod
1600 1148 1751 1182 nemo

75 1187 247 1240 adhuc
281 1191 408 1242 civis
443 1193 710 1247 Romanus
744 1199 915 1265 quivit
949 1205 1205 1270 consequi.
1288 1207 1426 1258 Nata
1461 1220 1539 1260 est
1572 1222 1748 1264 autem

78 1270 261 1323 Attico
288 1275 460 1341 neptis
487 1293 552 1327 ex
581 1278 830 1347 Agrippa,
862 1283 943 1332 cui
978 1285 1234 1353 virginem
1263 1288 1420 1340 filiam
1454 1292 1740 1347 collocarat.

74 1350 225 1403 Hanc
258 1353 450 1407 Caesar
475 1358 565 1408 vix
591 1362 887 1413 anniculam
917 1364 990 1416 Ti.
1025 1365 1246 1420 Claudio
1273 1370 1483 1435 Neroni,
1516 1375 1746 1428 Drusilla

73 1442 210 1497 nato,
249 1437 494 1507 privigno
529 1458 635 1503 suo,
676 1442 984 1512 desponditq
1023 1467 1155 1516 quae
1195 1453 1492 1507 coniunctio
1532 1461 1743 1510 necessi-

70 1508 309 1569 tudinem
344 1537 524 1572 eorum
564 1526 751 1588 sanxit,
788 1527 1197 1584 familiaritatem
1238 1535 1469 1588 reddidit
1507 1539 1743 1607 frequen-

69 1596 271 1650 tiorem.

138 1679 220 1732 20.
264 1680 515 1746 Quamvis
552 1695 674 1738 ante
711 1688 833 1740 haec
869 1694 1127 1760 sponsalia
1163 1715 1264 1748 non
1300 1699 1480 1763 solum,
1518 1721 1635 1754 cum
1675 1706 1740 1757 ab

65 1760 194 1812 urbe
234 1762 452 1827 abesset,
496 1784 781 1836 numquam
820 1773 885 1823 ad
929 1792 1140 1827 suorum
1181 1797 1497 1849 quemquam
1538 1785 1738 1838 litteras

63 1842 226 1906 misit,
257 1846 384 1912 quin
412 1847 595 1900 Attico
625 1852 874 1916 mitteret,
913 1857 1039 1923 quid
1072 1871 1263 1927 ageret,
1302 1863 1353 1913 in
1386 1866 1578 1932 primis,
1610 1869 1736 1936 quid

62 1922 260 1992 legeret
295 1927 589 1996 quibusque
627 1932 680 1982 in
718 1933 839 1986 locis
876 1947 927 1987 et
963 1941 1215 2006 quamdiu
1252 1956 1386 1996 esset
1421 1958 1731 2011 moraturus,

59 2005 152 2057 sed
193 2007 366 2070 etiam,
409 2027 526 2061 cum
566 2023 702 2064 esset
740 2016 792 2066 in
831 2019 959 2070 urbe
998 2031 1051 2072 et
1091 2035 1305 2092 propter
1349 2028 1577 2080 infinitas
1617 2049 1734 2083 suas

58 2089 424 2156 occupationes
452 2093 623 2145 minus
654 2114 820 2165 saepe,
852 2118 1007 2167 quam
1038 2105 1208 2168 vellet,
1242 2109 1421 2160 Attico
1454 2111 1728 2177 frueretur,

58 2168 234 2221 nullus
259 2170 371 2223 dies
398 2180 594 2227 temere
627 2177 934 2245 intercessit,
966 2203 1070 2251 quo
1098 2206 1199 2239 non
1226 2190 1291 2240 ad
1321 2208 1438 2242 eum
1467 2194 1727 2259 scriberet,

54 2266 174 2301 cum
202 2252 358 2305 modo
383 2254 582 2323 aliquid
615 2259 679 2311 de
706 2263 1025 2331 antiquitate
1057 2269 1122 2318 ab
1149 2288 1209 2320 eo
1243 2274 1543 2340 requireret,
1575 2278 1730 2329 modo

52 2329 283 2399 aliquam
321 2339 680 2403 quaestionem
720 2346 975 2411 poeticam
1005 2350 1050 2399 ei
1091 2365 1419 2419 proponeret,
1463 2358 1726 2410 interdum

53 2412 228 2466 iocans
254 2417 364 2469 eius
385 2421 708 2475 verbosiores
726 2426 933 2479 eliceret
956 2432 1217 2497 epistulas,
1298 2435 1374 2486 Ex
1396 2455 1501 2505 quo
1520 2442 1722 2504 accidit,

50 2511 170 2547 cum
196 2498 340 2550 aedis
375 2500 513 2554 Iovis
541 2503 760 2558 Feretrii
800 2509 850 2559 in
881 2510 1154 2579 Capitolio,
1186 2516 1251 2566 ab
1286 2517 1508 2571 Romulo
1540 2525 1725 2574 consti-

51 2582 182 2641 tuta,
231 2589 496 2636 vetustate
539 2595 698 2654 atque
750 2590 947 2642 incuria
992 2594 1198 2647 detecta
1243 2600 1614 2666 prolaberetur,
1665 2617 1723 2656 ut

48 2656 215 2711 Attici
241 2662 517 2717 admonitu
538 2666 729 2720 Caesar
748 2690 859 2723 eam
890 2676 1220 2730 reficiendam
1238 2693 1457 2734 curaret.
1536 2685 1720 2754 Neque

47 2754 173 2792 vero
196 2759 229 2793 a
266 2742 336 2795 M.
367 2746 603 2801 Antonio
634 2751 806 2804 minus
837 2755 1021 2807 absens
1055 2758 1243 2812 litteris
1274 2763 1553 2829 colebatur,
1589 2768 1720 2820 adeo

45 2827 108 2872 ut
130 2835 372 2878 accurate
402 2828 490 2881 ille
516 2847 582 2881 ex
613 2832 831 2886 ultumis
864 2839 1028 2901 terriS‚
1058 2841 1186 2907 quid
1217 2855 1410 2912 ageret,
1442 2865 1592 2899 curae
1620 2850 1717 2900 sibi

43 2900 274 2971 haberet,
295 2910 568 2964 certiorem
589 2913 757 2967 facere
778 2918 1029 2971 Atticum.
1112 2923 1224 2977 Hoc
1242 2927 1394 2993 quale
1411 2929 1492 2992 sit,
1515 2930 1718 2983 facilius
