2004 3165
835 71 1053 104 Arricrs
1719 62 1778 105 87

179 193 264 249 22.
285 193 419 246 ⁴Hac
457 194 693 246 oratione
727 193 904 244 habita
939 202 1086 243 tanta
1119 193 1412 243 constantia
1446 192 1585 243 vocis
1617 202 1776 260 atque

110 275 303 339 vultuS,
345 285 406 327 ut
447 293 550 327 non
589 293 654 326 ex
696 275 818 337 vita,
860 274 951 325 sed
996 292 1061 325 ex
1099 273 1256 325 domo
1294 275 1347 324 in
1386 273 1601 325 domum
1642 275 1778 326 vide-

110 365 258 410 retur
299 358 536 426 migrare,
581 374 699 408 cum
742 356 956 425 quidem
1002 357 1238 425 Agrippa
1283 374 1401 407 eum
1448 357 1575 407 flens
1618 365 1776 423 atque

110 439 347 492 osculans
397 449 570 491 oraret
618 448 776 507 atque
821 439 1128 500 obsecraret,
1180 456 1243 489 nc
1288 437 1355 500 id,
1404 437 1544 505 quod
1591 449 1777 489 natura

110 531 333 590 cogeret,
371 522 479 590 ipse
519 519 771 592 [quoque]
807 521 905 572 sibi
943 519 1266 582 acceleraret,
1297 529 1349 571 ct
1384 520 1630 587 quoniam
1663 531 1776 570 tum

110 620 319 671 quoque
352 614 525 672 posset
561 604 881 672 temporibus
919 620 1200 671 superesse,
1237 621 1290 653 se
1324 603 1420 652 sibi
1456 603 1664 670 suisque
1705 620 1777 652 re-

110 694 355 747 servaret,
386 703 561 753 preces
587 686 696 737 eius
723 686 981 736 taciturna
1008 703 1099 736 sua
1126 685 1476 736 obstinatione
1502 684 1772 752 depressit.

110 766 195 817 Sic
238 784 357 818 cum
396 766 611 818 biduum
650 768 765 818 cibo
804 785 857 818 se
895 768 1247 828 abstinuisset,
1282 767 1458 817 subito
1497 766 1654 817 febris
1692 766 1776 817 de-

110 848 265 899 cessit
290 847 554 916 leviorque
586 849 795 899 morbus
826 867 934 900 esse
965 850 1148 916 coepit.
1226 848 1421 899 Tamen
1451 849 1776 916 propositum

111 929 274 981 nihilo
311 930 474 982 setius
512 932 726 1000 peregit.
808 931 989 998 Itaque
1033 930 1117 981 die
1161 931 1361 998 quinto,
1404 939 1680 998 postquam
1722 930 1775 980 id

109 1010 382 1063 consilium
426 1012 626 1074 inierat,
675 1011 840 1080 pridie
884 1012 1123 1064 calendas
1167 1012 1364 1080 Aprilis
1406 1012 1498 1064 Cn.
1543 1012 1776 1063 Domitio

110 1090 167 1144 C.
197 1092 345 1144 Sosio
370 1093 681 1155 consulibus,
710 1093 945 1144 decessit.
1023 1093 1205 1144 Elatus
1236 1103 1316 1144 est
1347 1094 1400 1144 in
1433 1093 1684 1155 lecticula,
1715 1104 1776 1144 ut

110 1174 220 1243 ipse
247 1176 662 1244 praescripserat,
687 1176 796 1226 sine
819 1175 923 1225 ulla
952 1193 1139 1242 pompa
1166 1176 1378 1237 funeris,
1403 1176 1775 1226 comitantibus

110 1256 352 1309 omnibus
387 1257 549 1319 bonis,
579 1258 806 1308 maxima
840 1256 980 1324 vulgi
1021 1257 1329 1324 frequentia.
1408 1257 1657 1326 Sepultus
1695 1269 1775 1308 est

112 1338 262 1390 iuxta
288 1339 426 1390 viam
453 1339 678 1407 Appiam
709 1338 775 1389 ad
810 1339 1053 1406 quintum
1087 1338 1311 1406 lapidem
1346 1340 1400 1391 in
1436 1349 1775 1392 monumento

111 1420 169 1485 Q.
200 1419 425 1483 Caecilii,
453 1421 697 1472 avunculi
726 1422 818 1472 sui.
