2004 3165
774 112 1058 146 mmianas.
1699 104 1753 145 15

81 235 213 289 Erat
253 235 394 289 enim
438 235 579 288 inter
621 253 708 288 eos
752 235 1014 304 dignitate
1059 236 1216 303 regia,
1262 235 1502 302 quamvis
1546 235 1754 285 carebat

82 319 307 382 nomine,
332 335 501 386 neque
522 317 576 368 id
597 318 762 386 magis
783 318 1002 386 imperio
1021 335 1179 385 quam
1206 318 1407 368 iustitia
1427 328 1748 369 consecutus,

154 400 342 468 Neque
361 417 424 452 eo
442 400 605 452 setius
626 400 1050 461 Atheniensibus,
1073 417 1103 449 a
1123 400 1312 466 quibus
1334 409 1446 450 erat
1472 399 1749 467 profectus,

84 482 250 535 officia
289 482 603 551 praestabat.
682 482 882 546 Quibus
922 482 1077 532 rebus
1117 481 1287 543 fiebat,
1332 490 1393 531 ut
1437 499 1540 531 non
1582 482 1753 532 minus

85 581 266 616 eorum
293 563 568 616 voluntate
595 573 851 632 perpetuo
882 564 1159 631 imperium
1185 563 1461 625 obtineret,
1491 564 1581 630 qui
1609 564 1754 614 mise-

85 653 219 708 rant,
247 663 407 713 quam
433 645 655 707 illorum,
685 663 804 696 cum
829 646 1019 713 quibus
1045 654 1159 696 erat
1184 645 1462 712 profectus
1541 645 1754 696 Cherso-

86 745 211 780 neso
236 727 330 778 tali
355 726 513 779 modo
531 728 820 778 constituta
845 727 1102 779 Lemnum
1128 728 1413 779 revertitur
1431 736 1486 778 et
1511 745 1576 778 ex
1603 738 1755 795 pacto

85 809 333 878 postulat,
362 817 425 861 ut
449 809 548 861 sibi
574 810 758 861 urbem
783 809 1011 863 tradant.
1078 810 1162 861 Illi
1189 810 1328 861 enim
1353 809 1611 872 dixerant,
1636 828 1754 861 cum

85 898 246 943 vento
285 891 442 942 borea
481 890 638 942 domo
678 891 942 959 profectus
983 909 1044 943 eo
1084 892 1420 960 pervenisset,
1465 909 1574 942 sese
1615 891 1756 942 dedi-

86 979 256 1024 turos:
295 990 350 1024 se
381 982 561 1024 autem
586 972 801 1024 domum
835 973 1143 1025 Chersonesi
1178 974 1381 1025 habere.
1463 973 1633 1036 CareS‚
1664 974 1755 1041 qui

86 1061 202 1106 tum
251 1054 509 1106 Lemnum
559 1056 868 1117 incolebant,
923 1057 1021 1106 etsi
1071 1066 1278 1124 praeter
1326 1057 1624 1124 opinionem
1675 1075 1755 1107 res

0 1164 20 1175 -·
86 1136 357 1200 ceciderat,
394 1144 572 1188 tamen
606 1155 709 1188 non
743 1137 897 1199 dicto,
935 1137 1024 1188 sed
1064 1138 1290 1189 secunda
1328 1138 1540 1189 fortuna
1576 1139 1756 1190 adver·

87 1219 342 1270 sariorum
379 1220 519 1287 capti
557 1220 796 1270 resistere
833 1220 945 1270 ausi
986 1238 1088 1270 non
1127 1230 1252 1271 sunt
1288 1230 1446 1288 atque
1486 1239 1552 1271 ex
1585 1221 1755 1272 insula

0 1313 5 1365 ζ
85 1297 462 1367 demigrarunt.
541 1300 661 1350 Pari
703 1300 952 1351 felicitate
992 1311 1189 1352 ceteras
1229 1301 1438 1363 insulas,
1483 1319 1615 1369 quae
1657 1302 1755 1368 Cy-

84 1379 258 1432 clades
301 1381 653 1443 nominantur,
697 1382 793 1432 sub
837 1382 1240 1434 Atheniensium
1285 1383 1489 1452 redegit
1532 1395 1756 1452 potesta·

85 1468 208 1514 tem.

156 1542 204 1595 3.
245 1542 456 1595 Eisdem
477 1545 801 1612 temporibus
823 1545 1097 1596 Persarum
1126 1564 1216 1596 rex
1246 1546 1435 1597 Darius
1462 1565 1527 1598 ex
1553 1548 1680 1597 Asia
1702 1548 1755 1598 in

85 1621 349 1693 Europam
383 1627 617 1677 exercitu
644 1627 861 1678 traiecto
894 1627 1104 1695 Scythis
1140 1628 1331 1678 bellum
1367 1629 1558 1680 inferre
1586 1629 1755 1681 decre-

86 1705 178 1756 vit.
255 1706 480 1757 Pontem
512 1706 637 1758 fecit
670 1708 722 1757 in
761 1708 942 1758 Histro
975 1709 1200 1768 flumine,
1239 1727 1342 1775 qua
1375 1711 1546 1777 copias
1581 1710 1754 1762 tradu-

86 1794 239 1838 ceret.
316 1787 443 1839 Eius
474 1789 663 1856 pontis,
701 1788 827 1839 dum
867 1790 974 1857 ipse
1012 1791 1228 1850 abesset,
1267 1791 1508 1841 custodes
1542 1791 1756 1858 reliquit

86 1867 359 1936 principeS,
388 1887 520 1937 quos
552 1888 727 1921 secum
761 1889 825 1922 ex
856 1871 1000 1920 Ionia
1028 1881 1080 1921 et
1114 1871 1331 1923 Aeolide
1358 1871 1607 1935 duxerat;
1645 1874 1755 1940 qui·

87 1948 184 2000 bus
221 1950 441 2019 singulis
477 1969 689 2002 suarum
728 1952 936 2002 urbium
977 1963 1227 2020 perpetua
1264 1952 1482 2005 dederat
1521 1955 1750 2022 imperia.

86 2029 172 2083 Sic
210 2032 350 2083 enim
389 2032 631 2085 facillime
672 2035 878 2100 putavit
916 2052 969 2085 se
1012 2036 1208 2086 Graeca
1247 2035 1424 2101 lingnia
1464 2036 1749 2103 loquentes,

0 2165 3 2173 ,
85 2112 177 2180 qui
227 2113 409 2164 Asiam
458 2114 756 2176 incolerent,
807 2115 903 2165 sub
954 2133 1045 2166 sua
1096 2126 1424 2167 retenturum
1475 2128 1748 2184 potestate,

0 2197 40 2243 Γ
85 2193 131 2245 si
183 2195 362 2246 amicis
418 2195 524 2246 suis
579 2195 770 2264 oppida
828 2197 1023 2247 tuenda
1079 2198 1393 2260 tradidisset,
1453 2199 1643 2265 quibus
1699 2217 1752 2250 se

0 2279 8 2315 '³
84 2291 333 2344 oppresso
372 2276 515 2328 nulla
554 2294 670 2344 spes
711 2277 894 2328 salutis
937 2278 1330 2345 relinqueretur.
1412 2280 1471 2330 In
1514 2280 1607 2332 hoc
1650 2281 1752 2331 fuit

86 2362 203 2408 tum
227 2374 444 2410 numero
473 2357 751 2420 Miltiades,
782 2360 862 2409 cui
891 2359 977 2409 illa
1004 2360 1237 2410 custodia
1263 2361 1574 2412 crederetur.

157 2437 260 2490 Hic
308 2456 426 2491 cum
475 2440 640 2492 crebri
692 2442 938 2491 afferrent
996 2443 1165 2492 nuntii
1224 2443 1357 2493 male
1407 2461 1514 2494 rem
1571 2439 1751 2511 gerere

85 2516 306 2572 Μυῖα
331 2522 601 2589 premique
619 2540 650 2572 a
671 2521 894 2589 Scythis,
924 2522 1186 2574 Miltiades
1213 2523 1452 2575 hortatus
1473 2535 1551 2575 est
1578 2527 1751 2593 pontis

84 2599 341 2663 custodes,
394 2619 460 2654 ne
507 2620 538 2653 a
590 2603 802 2654 fortuna
850 2603 1028 2654 datam
1079 2605 1396 2656 occasionem
1454 2605 1750 2658 liberandae

85 2678 333 2734 Graeciae
356 2681 700 2735 dimitterent.
762 2684 897 2735 Nam
925 2686 965 2735 si
994 2702 1110 2736 cum
1138 2686 1199 2736 iis
1225 2687 1399 2754 copiiS,
1421 2704 1550 2754 quas
1576 2706 1750 2739 secum

85 2767 482 2831 transportat-at,
531 2765 815 2816 interiisset
867 2765 1069 2827 Darius
1118 2785 1220 2818 non
1270 2768 1436 2819 solum
1487 2768 1750 2837 Europam

85 2839 199 2895 fore
229 2850 415 2908 tutam,
450 2844 542 2897 sed
575 2846 734 2898 etiam
767 2864 867 2909 eOS,
903 2847 993 2914 qui
1033 2835 1211 2899 Asiam
1245 2849 1531 2902 incolerent
1564 2851 1749 2903 Graeci

82 2938 289 2993 genere,
316 2923 507 2978 liberos
535 2944 569 2980 a
599 2927 877 2980 Persarum
910 2928 1116 2982 futuros
1147 2929 1504 2984 dominatione
1535 2940 1589 2983 et
1619 2932 1750 3000 peri-
