2004 3165
793 81 851 114 ra
859 80 1083 113 cessus.
1700 71 1766 112 33

106 205 412 275 suspicione.
488 202 625 256 Nam
651 202 827 271 opinio
854 200 1095 252 manebat
1125 217 1243 251 eum
1277 216 1392 250 cum
1422 218 1539 268 rege
1575 199 1764 251 habere

106 286 422 339 societatem.
497 283 591 337 Est
608 300 772 353 genus
791 281 1053 351 quoddam
1076 280 1358 342 hominum,
1383 280 1521 348 quod
1555 281 1764 331 Hilotae

109 375 337 430 vocatur,
376 382 599 435 quorum
638 382 823 433 magna
861 361 1146 414 multitudo
1182 380 1332 429 agros
1374 361 1762 412 lacedaemoni-

107 464 257 501 orum
281 446 406 499 eolit
437 462 807 513 servorumque
835 461 1046 495 munere
1081 443 1333 509 fungitur.
1415 442 1522 493 llos
1555 459 1762 508 quoque

107 527 383 580 sollicitare
408 544 499 595 spe
525 526 780 578 libertatis
801 524 1211 577 existimabatur.
1289 522 1389 574 Sed
1412 521 1550 589 quod
1580 522 1761 572 harum

109 626 281 662 rerum
301 607 501 660 nullum
523 617 634 659 erat
653 617 890 675 apertum
912 607 1119 664 crimen,
1149 622 1253 672 quo
1272 605 1417 672 argui
1449 614 1632 671 posset,
1660 621 1762 652 non

109 689 367 759 putabant
390 688 456 740 de
477 688 568 739 tali
597 698 806 755 tamque
833 687 969 737 claro
997 687 1107 736 viro
1128 685 1503 753 suspicionibus
1525 695 1765 751 oportere

109 769 326 823 iudicari
352 778 406 821 et
431 769 852 837 exspectandum,
882 768 1007 818 duni
1035 785 1088 818 se
1117 768 1225 834 ipsa
1254 785 1331 817 res
1358 767 1594 833 aperiret.

176 850 226 904 4.
257 849 473 903 Interim
496 849 726 918 Argilius
746 849 958 916 «puidam
979 847 1412 906 mlulescentulus‚
1438 864 1550 896 cum
1575 847 1765 913 epistu-

109 931 211 984 lam
235 931 303 982 ab
327 948 389 983 eo
413 929 479 982 ad
508 930 824 982 Artabazum
851 930 1127 996 accepisset
1160 930 1308 995 eique
1343 929 1392 978 in
1420 928 1762 995 suspicionem

110 1012 337 1065 venisset
371 1010 569 1079 aliquid
611 1012 660 1061 in
700 1029 758 1062 ea
795 1009 860 1061 (le
898 1029 950 1061 se
989 1028 1096 1060 esse
1135 1010 1398 1076 scriptum,
1434 1008 1572 1075 quod
1614 1026 1766 1058 nenio

109 1110 288 1147 eorum
322 1092 553 1153 redisset,
583 1092 671 1159 qui
707 1109 861 1159 super
896 1091 984 1141 tali
1022 1108 1173 1141 causa
1208 1089 1385 1140 eodem
1424 1090 1561 1139 missi
1599 1099 1762 1148 erant,

110 1173 280 1227 vincla
315 1172 567 1243 epistulae
614 1172 807 1223 laxavit
855 1173 1103 1240 signoque
1150 1170 1384 1221 detracto
1422 1171 1679 1237 cognovit,
1722 1171 1761 1219 si

109 1253 422 1324 pertulisset,
442 1254 539 1305 sibi
557 1271 666 1305 esse
684 1252 1018 1321 pereundum.
1083 1252 1237 1302 Erant
1260 1253 1308 1302 in
1328 1251 1504 1302 eadem
1525 1250 1760 1318 epistula,

109 1353 242 1404 quae
265 1334 332 1387 ad
359 1352 419 1387 ea
450 1334 794 1404 pertinebant,
825 1351 956 1400 quae
985 1334 1121 1384 inter
1148 1351 1317 1400 regem
1355 1333 1764 1398 Pausaniamque

108 1425 472 1470 convenerant.
559 1415 667 1467 Has
708 1415 793 1466 ille
836 1415 1034 1466 litteras
1075 1414 1279 1482 ephoris
1321 1413 1549 1464 tradidit.
1645 1413 1762 1464 Non

109 1507 190 1551 αἱ
231 1497 608 1567 praetereunda
649 1497 878 1565 gravitas
924 1496 1445 1547 lacedaemoniorum
1492 1494 1586 1546 hoc
1638 1494 1760 1545 loco,

110 1578 245 1631 Nam
267 1596 332 1630 ne
352 1578 506 1630 huius
525 1577 734 1646 quidem
758 1577 947 1629 indicio
975 1577 1178 1645 impulsi
1208 1586 1343 1637 sunt,
1370 1588 1427 1626 ut
1457 1576 1764 1627 Pausaniam

109 1658 619 1729 comprehenderent,
658 1676 824 1726 neque
861 1659 1001 1726 prius
1035 1659 1135 1708 vim
1172 1656 1517 1708 adhibendam
1557 1669 1766 1724 putave-

110 1749 249 1804 runt,
276 1757 432 1809 quam
466 1758 520 1793 se
553 1741 661 1809 ipse
697 1739 985 1791 indicasset.
1067 1739 1247 1806 ltaque
1284 1738 1401 1789 huic
1439 1738 1607 1797 indici,
1638 1737 1768 1805 quid

110 1822 219 1875 fieri
246 1820 454 1884 vellent,
478 1831 862 1891 praeceperunt.
943 1820 1138 1872 Fanum
1171 1820 1401 1887 Neptuni
1431 1832 1508 1871 est
1528 1820 1760 1879 Taenari,

109 1901 251 1972 quod
278 1901 458 1955 violari
486 1902 630 1954 nefas
656 1912 842 1971 putant
862 1903 1059 1953 Graeci.
1141 1901 1213 1952 Eo
1241 1901 1324 1953 ille
1352 1900 1506 1952 index
1530 1901 1760 1967 confugit

109 1984 165 2036 in
182 2000 374 2053 araque
393 1982 640 2036 consedit.
720 1982 864 2035 Hanc
888 1984 1033 2034 iuxta
1056 1983 1220 2034 locum
1245 1982 1475 2034 fecerunt
1494 1982 1589 2032 sul»
1610 1992 1762 2042 terra,

110 2082 176 2118 ex
200 2081 306 2134 quo
325 2073 498 2134 posset
523 2063 705 2127 audiri,
728 2065 770 2116 si
798 2065 913 2132 quis
934 2064 1059 2132 quid
1091 2064 1388 2132 loqueretur
1408 2081 1522 2114 cum
1547 2063 1765 2131 Argilio,

182 2145 300 2199 Huc
331 2163 397 2199 ex
429 2145 635 2215 ephoris
664 2145 876 2214 quidam
910 2146 1301 2197 descenderunt.
1384 2145 1673 2204 Pausanias,
1705 2152 1764 2194 ut

109 2225 316 2280 audivit
353 2225 613 2296 Argilium
646 2227 939 2296 confugisse
973 2228 1024 2278 in
1059 2245 1214 2285 aram,
1254 2226 1586 2295 perturbatus
1621 2225 1768 2276 venit»

110 2324 186 2362 eo.
261 2306 427 2374 Quem
460 2325 577 2360 cum
611 2308 894 2377 supplicem
929 2307 1011 2359 dei
1046 2308 1245 2359 videret
1280 2308 1330 2358 in
1363 2325 1450 2358 ara
1480 2306 1776 2366 sedentem„

109 2388 328 2459 quaerit..
356 2406 538 2443 esusae
556 2388 683 2458 quid
709 2390 778 2441 sit
804 2399 910 2440 tam
933 2390 1186 2458 repentini
1209 2387 1420 2439 consilii.
1502 2387 1634 2438 Huic
1663 2387 1760 2448 ille,

110 2468 239 2542 quid
268 2487 334 2523 ex
371 2469 562 2523 litteris
597 2470 944 2539 comperisset,
984 2471 1164 2539 aperit.
1246 2468 1404 2520 Modo
1442 2469 1604 2535 magis
1640 2468 1766 2519 Pau·

110 2546 281 2603 unias
327 2550 663 2621 perturbatus
705 2568 851 2603 orare
895 2552 1076 2619 coepit.
1127 2568 1188 2602 ne
1233 2550 1529 2602 enuntiaret
1575 2567 1665 2599 nec
1710 2567 1771 2599 se

111 2629 356 2684 metitum
392 2631 460 2685 de
495 2630 586 2684 illo
615 2633 810 2701 optime
850 2631 1115 2701 proderet:
1154 2630 1293 2699 quod
1326 2632 1367 2682 si
1408 2648 1519 2682 eam
1561 2629 1766 2680 xeniam

110 2709 211 2764 tibi
255 2709 486 2764 dedisset
535 2713 799 2782 tantisque
856 2712 1174 2780 implicatum
1227 2712 1377 2763 rebus
1426 2709 1766 2771 sublevasset,

111 2806 303 2862 magno
324 2791 373 2845 ei
397 2793 628 2862 praemio
652 2792 904 2845 futurum.

181 2869 231 2926 ὅ.
270 2869 559 2996 ἕζεαι-ἴδω
594 2870 773 2943 ephori
808 2874 1030 2942 cognitis
1064 2868 1227 2925 satius
1262 2882 1513 2942 putarunt
1547 2872 1599 2924 in
1635 2871 1764 2923 urbe
