2004 3165
800 84 1017 116 amcos.
1687 72 1748 117 75

73 204 146 257 ibi
184 204 302 267 fuit,
338 222 514 256 seeum
553 205 739 257 habuit
776 205 1139 273 Pomponium,
1177 215 1360 273 captus
1398 204 1749 256 adulescentis

72 295 127 339 et
153 286 482 339 humanitate
503 296 558 339 et
581 286 832 338 doctrina.
912 288 996 338 Sic
1023 288 1162 338 enim
1189 288 1386 339 Graece
1417 286 1743 353 loquebatur,

72 377 134 420 ut
167 368 394 420 Athenis
433 378 589 420 natus
624 369 892 420 videretur
904 389 917 432 3
960 379 1110 419 tanta
1147 379 1326 420 autem
1364 369 1596 419 suavitas
1635 380 1748 419 erat

72 451 324 502 sermonis
366 451 556 514 Latini,
592 460 652 502 ut
690 459 965 519 appareret
1006 451 1059 500 in
1101 468 1161 501 eo
1203 451 1443 501 nativum
1483 451 1747 517 quendam

73 531 302 600 leporem
329 551 453 597 esse,
483 551 586 585 non
613 533 849 584 ascitum.
928 532 1075 584 Idem
1103 538 1344 600 poemata
1370 533 1747 601 pronuntiabat

73 622 127 665 et
175 614 373 666 Graece
417 623 471 667 et
521 615 707 666 Latine
753 615 837 676 sic,
886 624 946 665 ut
997 632 1153 682 supra
1205 615 1334 665 nihil
1386 625 1561 683 posset
1604 615 1742 666 addi.

74 695 274 760 Quibus
309 697 465 749 rebus
502 697 700 748 factum
736 706 829 759 est,
864 706 924 747 ut
963 696 1108 747 Sulla
1145 715 1401 764 nusquam
1438 715 1557 748 eum
1591 698 1656 747 ab
1693 715 1746 748 se

72 776 367 830 dimitteret
406 788 724 847 cuperetque
768 796 942 830 secum
982 777 1253 829 deducere.
1333 779 1433 842 Qui
1475 797 1592 829 cum
1637 797 1747 846 per-

72 858 291 911 suadere
334 868 634 928 temptaret,
682 860 865 922 “Noli,
913 877 1004 911 oro
1049 869 1103 911 te
1122 859 1159 922 '’,
1202 860 1375 927 inquit
1426 860 1747 927 Pomponius

77 940 401 992 “adversum
439 958 525 992 eos
564 959 646 992 me
684 942 815 993 velle
850 941 1053 1004 ducere,
1092 959 1211 993 cum
1242 942 1432 1008 quibus
1469 959 1532 992 ne
1565 952 1746 992 contra

73 1031 126 1074 te
151 1040 296 1073 arma
326 1022 531 1085 ferrem,
565 1023 771 1074 Italiam
805 1024 990 1091 reliqui
1011 1023 1048 1075 ’'.
1116 1025 1189 1074 At
1225 1023 1369 1074 Sulla
1396 1022 1746 1074 adulescentis

75 1104 241 1155 officio
257 1104 553 1156 collaudato
570 1106 742 1156 omnia
760 1122 976 1156 munera
994 1106 1054 1168 ei,
1075 1122 1207 1173 quae
1218 1105 1443 1156 Athenis
1459 1116 1741 1173 acceperat,

73 1186 399 1254 proficiscens
431 1186 581 1236 iussit
606 1185 813 1237 deferri.

145 1266 246 1318 Hic
286 1267 577 1335 complures
622 1286 785 1318 annos
830 1277 1076 1330 moratus,
1122 1285 1238 1319 eum
1284 1278 1337 1318 et
1383 1268 1455 1318 rei
1502 1267 1747 1318 familiari

73 1359 282 1403 tantum
322 1370 509 1420 operae
548 1352 713 1414 daret,
757 1364 1016 1420 quantum
1059 1372 1161 1405 non
1208 1353 1488 1421 indiligens
1529 1353 1746 1404 deberet

73 1434 460 1502 paterfamilias,
491 1443 546 1486 et
580 1435 754 1486 omnia
791 1436 990 1502 reliqua
1031 1446 1265 1503 tempora
1296 1446 1388 1485 aut
1428 1435 1618 1485 litteris
1653 1447 1744 1486 aut

72 1515 477 1567 Atheniensium
505 1517 577 1568 rei
610 1517 847 1584 publicae
875 1518 1144 1578 tribueret,
1177 1517 1339 1567 nihilo
1367 1518 1540 1567 minus
1566 1518 1747 1568 amicis

72 1597 272 1648 urbana
315 1599 481 1649 officia
531 1599 808 1666 praestitit.
907 1599 1042 1650 Nam
1095 1610 1148 1650 et
1191 1599 1259 1649 ad
1310 1600 1519 1649 comitia
1565 1617 1745 1650 eorum

72 1680 358 1731 ventitavit
383 1688 450 1743 et,
475 1680 516 1731 si
543 1698 648 1748 qua
668 1699 748 1732 res
775 1682 939 1732 maior
964 1692 1079 1731 acta
1108 1692 1199 1742 est,
1227 1699 1328 1731 non
1355 1681 1540 1731 defuit.
1598 1682 1746 1732 Sicut

72 1759 311 1813 Ciceroni
362 1761 415 1811 in
466 1762 708 1812 omnibus
759 1763 869 1813 eius
927 1762 1168 1830 periculis
1223 1762 1538 1830 singularem
1590 1762 1746 1812 fldem

72 1843 339 1912 praebuit;
390 1843 473 1894 cui
514 1861 580 1895 ex
625 1844 795 1911 patria
835 1844 1058 1912 fugienti
1108 1844 1198 1894 Hs
1239 1844 1465 1894 ducenta
1507 1854 1558 1894 et
1600 1845 1747 1910 qnin-

71 1925 326 1994 quaginta
375 1924 519 1975 milia
561 1924 793 1977 donavit.
891 1926 1313 1993 Tranquillitatis
1362 1936 1539 1976 autem
1592 1927 1748 1976 rebus

73 2005 322 2057 Romanis
372 2007 677 2075 remigravit
729 2008 962 2068 Romam,
1011 2018 1070 2057 ut
1122 2008 1318 2075 opinor,
1374 2007 1429 2058 L.
1485 2007 1642 2058 Cotta
1693 2017 1746 2058 ct

73 2086 129 2138 L.
159 2087 428 2155 Torquato
453 2088 764 2139 consulibus
831 2089 997 2153 Quem
1023 2089 1376 2140 discedentem
1405 2089 1474 2139 sic
1503 2089 1746 2139 universa

71 2169 257 2220 civitas
283 2168 686 2221 Atheniensium
723 2180 995 2238 prosecuta
1022 2181 1114 2233 est,
1146 2180 1204 2221 ut
1246 2171 1468 2221 lacrimis
1499 2171 1743 2222 desiderii

72 2249 240 2302 futuri
265 2249 499 2302 dolorem
527 2250 794 2303 indicaret.

144 2332 190 2385 5.
233 2332 478 2384 Habebat
526 2333 845 2384 avunculum
898 2334 956 2398 Q.
1012 2333 1309 2396 Caecilium,
1364 2335 1594 2401 equitem
1649 2335 1746 2386 Ro·

72 2431 300 2476 manum,
365 2413 676 2465 familiarem
739 2414 794 2465 L.
862 2414 1079 2475 Luculli,
1146 2415 1380 2477 divitem,
1441 2416 1746 2466 difficillima

74 2502 274 2546 natura.
370 2493 533 2547 Cuius
582 2495 653 2546 sic
697 2497 1033 2563 asperitatem
1081 2497 1278 2547 veritus
1324 2507 1416 2558 est,
1465 2507 1539 2558 ut,
1588 2515 1743 2564 quem

72 2593 227 2628 nemo
269 2575 405 2627 ferre
454 2586 641 2644 posset,
691 2576 845 2628 huius
888 2579 999 2629 sine
1044 2578 1326 2628 offensione
1369 2578 1435 2628 ad
1487 2596 1743 2628 summam

71 2665 396 2708 senectutem
437 2658 715 2709 retinuerit
755 2659 1187 2710 benevolentiam.
1282 2661 1397 2723 Quo
1439 2659 1577 2709 facto
1620 2660 1744 2709 tulit

72 2738 285 2806 pietatis
328 2737 573 2789 fructum.
669 2738 924 2791 Caecilius
968 2741 1106 2791 enim
1152 2741 1376 2791 moriens
1426 2750 1749 2792 testamento

70 2817 348 2887 adoptavit
386 2836 507 2870 eum
548 2818 896 2888 heredemque
938 2820 1061 2871 iecit
1102 2840 1165 2872 ex
1207 2821 1465 2872 dodrante
1479 2843 1491 2884 ;
1534 2840 1599 2872 ex
1641 2839 1745 2889 qua

73 2898 366 2952 hereditate
384 2901 584 2969 accepit
603 2901 809 2953 circiter
828 2903 1022 2954 centies
1050 2904 1363 2954 sestertium.
1424 2903 1551 2954 Erat
1578 2914 1748 2972 nupta
