1971 3101
146 109 204 149 52
736 114 1008 146 CORNELIUS
1042 113 1205 143 NEPOS.

144 239 358 288 factioso
391 246 443 288 et
480 238 558 287 his
597 236 915 302 temporibus
952 242 1177 300 potente,
1221 232 1492 300 Agesilaus
1531 233 1789 283 antelatus

145 329 235 370 est.

214 400 258 450 2.
285 399 382 448 Hic
401 398 710 463 simulatque
728 396 929 462 imperii
947 395 1142 461 potitus
1161 401 1251 453 est,
1274 393 1526 458 persuasit
1544 393 1790 443 Lacedae-

143 480 341 540 moniis,
373 487 432 528 ut
460 479 713 528 exercitus
741 477 1039 526 emitterent
1070 475 1122 523 in
1150 474 1329 522 Asiam
1356 473 1650 538 bellumque
1680 473 1788 539 regi

143 561 384 621 facerent,
432 559 618 609 docens
664 559 823 607 satius
875 573 980 605 esse
1025 556 1077 603 in
1123 554 1246 602 Asia
1291 571 1445 619 quam
1488 554 1540 602 in
1585 553 1789 619 Europa

142 641 386 690 dimicari.
465 640 703 704 Namque
738 638 873 686 fama
906 637 1101 686 exierat
1137 635 1465 683 Artaxerxen
1496 651 1788 699 comparare

143 722 314 770 classis
342 720 696 786 pedestrisque
724 718 992 777 exercitus,
1019 733 1146 782 quos
1172 716 1226 764 in
1247 715 1513 765 Graeciam
1540 714 1784 762 mitteret.

142 802 278 851 Data
304 810 561 867 potestate
583 808 730 849 tanta
751 798 1010 848 celeritate
1031 815 1154 846 usus
1176 804 1266 857 est,
1290 803 1350 845 ut
1376 796 1516 861 prius
1537 795 1590 843 in
1610 794 1787 843 Asiam

142 900 257 931 cum
293 883 448 948 copiis
484 880 790 947 pervenerit,
831 897 985 945 quam
1017 878 1144 944 regii
1180 885 1413 942 satrapae
1448 893 1565 925 eum
1600 876 1788 924 scirent

141 963 442 1028 proiectum.
522 962 634 1025 Quo
661 961 856 1010 factum
889 968 979 1021 est,
1009 966 1069 1008 ut
1096 958 1259 1008 omnis
1290 958 1569 1022 imparatos
1599 956 1788 1022 impru-

110 1102 113 1105 ,
141 1043 424 1108 dentesque
457 1042 752 1092 offenderet.
832 1040 894 1090 Id
924 1049 984 1089 ut
1016 1039 1258 1106 cognovit
1289 1036 1666 1102 Tissaphernes,
1698 1036 1787 1101 qui

142 1141 398 1172 summum
425 1124 701 1189 imperium
730 1130 842 1171 tum
873 1122 1009 1170 inter
1034 1119 1318 1186 praefectos
1349 1117 1571 1166 habebat
1602 1117 1782 1182 regios,

141 1204 366 1253 indutias
406 1222 434 1252 a
471 1204 669 1253 Lacone
708 1202 908 1269 petivit,
945 1199 1190 1250 simulans
1229 1217 1281 1248 se
1312 1197 1433 1247 dare
1472 1214 1692 1263 operam,
1727 1204 1787 1246 ut

141 1285 555 1334 Lacedaemoniis
595 1302 711 1333 cum
749 1300 868 1350 rege
907 1281 1217 1341 conveniret,
1259 1296 1313 1329 re
1351 1286 1526 1327 autem
1563 1294 1684 1326 vera
1721 1276 1787 1326 ad

141 1367 310 1432 copias
323 1365 702 1432 comparandas,
718 1381 903 1429 easque
921 1361 1221 1428 impetravit
1231 1358 1555 1409 trimenstris.
1587 1357 1787 1407 Iuravit

140 1455 314 1496 autem
341 1455 558 1511 uterque
586 1463 637 1495 se
669 1446 776 1494 sine
811 1443 929 1493 dolo
956 1442 1185 1491 indutias
1212 1445 1646 1490 conservaturum.
1725 1437 1785 1486 In

141 1545 241 1592 qua
282 1528 515 1593 pactione
559 1543 757 1576 summa
797 1524 896 1574 fide
938 1522 1128 1572 mansit
1171 1519 1442 1588 Agesilaus
1455 1539 1467 1581 3
1511 1527 1688 1568 contra
1729 1535 1786 1567 ea

141 1607 506 1674 Tissaphernes
534 1606 661 1656 nihil
688 1604 830 1655 aliud
857 1621 1011 1670 quam
1037 1602 1231 1652 bellum
1258 1599 1586 1666 comparavit.

211 1688 271 1737 Id
313 1689 407 1738 etsi
449 1688 704 1737 sentiebat
745 1686 890 1745 Laco,
934 1692 1106 1733 tamen
1151 1680 1508 1731 iusiurandum
1549 1678 1787 1729 servabat

140 1769 465 1834 multumque
492 1769 545 1817 in
572 1785 630 1817 eo
658 1785 709 1817 se
737 1765 978 1831 consequi
1005 1764 1222 1824 dicebat,
1253 1761 1393 1828 quod
1419 1760 1786 1826 Tissaphernes

140 1850 363 1916 periurio
402 1866 493 1898 suo
532 1857 583 1898 et
622 1848 854 1897 homines
893 1846 995 1895 suis
1034 1845 1186 1894 rebus
1224 1843 1541 1892 abalienaret
1579 1848 1630 1890 et
1664 1840 1786 1890 deos

140 1930 236 1979 sibi
263 1931 419 1979 iratos
446 1929 684 1978 redderet
699 1948 709 1989 ς
744 1945 795 1977 se
821 1935 995 1975 autem
1017 1931 1317 1975 conservata
1337 1922 1584 1989 religione
1612 1921 1786 1971 confir-

141 2027 278 2059 mare
307 2010 602 2070 exercitum,
628 2026 742 2058 cum
769 2006 1206 2056 animadverteret
1225 2004 1381 2054 deum
1402 2019 1593 2052 numen
1620 2001 1786 2051 facere

141 2108 312 2140 secum
338 2090 671 2155 hominesque
699 2088 794 2137 sibi
827 2086 1083 2137 conciliari
1117 2085 1395 2145 amiciores,
1426 2082 1565 2149 quod
1596 2082 1657 2131 iis
1684 2089 1787 2131 stu-

140 2172 260 2221 dere
288 2179 628 2230 consuessent,
661 2186 788 2234 quos
815 2184 1115 2217 conservare
1142 2165 1295 2215 fidem
1322 2163 1571 2214 viderent.

211 2252 255 2303 3.
287 2252 567 2316 Postquam
594 2250 914 2299 indutiarum
946 2246 1213 2313 praeteriit
1244 2245 1367 2305 dies,
1403 2244 1650 2313 barbarus
1683 2260 1785 2292 non

141 2331 397 2391 dubitans,
426 2330 563 2396 quod
591 2330 750 2396 ipsius
777 2336 924 2379 erant
950 2327 1172 2394 plurima
1198 2324 1456 2375 domicilia
1483 2324 1535 2373 in
1558 2322 1707 2373 Caria
1734 2330 1787 2373 et

142 2429 200 2462 oa
231 2412 370 2478 regio
397 2411 475 2460 his
507 2410 823 2476 temporibus
859 2408 1023 2458 multo
1055 2407 1338 2473 putabatur
1369 2403 1784 2471 locupletissima,

143 2509 201 2541 eo
222 2492 544 2558 potissimum
566 2491 726 2540 hostis
753 2491 1003 2555 impetum
1025 2487 1265 2548 facturos,
1290 2486 1455 2536 omnis
1475 2502 1592 2534 suas
1617 2484 1788 2550 copias

142 2590 201 2622 eo
236 2580 573 2622 contraxerat.
650 2570 723 2620 At
750 2569 1022 2636 Agesilaus
1057 2569 1109 2617 in
1137 2567 1420 2634 Phrygiam
1451 2582 1503 2615 se
1530 2564 1786 2615 convertit

143 2669 355 2718 eamque
400 2651 540 2718 prius
584 2650 926 2716 depopulatus
966 2656 1055 2709 est,
1099 2665 1254 2713 quam
1298 2645 1665 2711 Tissaphernes
1710 2661 1787 2693 us-

143 2749 297 2797 quam
332 2747 383 2780 se
414 2737 656 2779 moveret.
737 2729 926 2795 Magna
957 2727 1147 2794 praeda
1178 2726 1429 2776 militibus
1460 2724 1787 2791 locupletatis

143 2811 403 2877 Ephesum
430 2810 712 2859 hiematum
741 2809 1022 2859 exercitum
1054 2807 1264 2858 reduxit
1289 2814 1446 2872 atque
1472 2805 1543 2854 ibi
1575 2804 1787 2854 officinis

145 2907 404 2940 armorum
444 2889 697 2939 institutis
741 2906 927 2956 magna
970 2887 1226 2938 industria
1263 2885 1456 2937 bellum
1498 2884 1781 2952 apparavit.
