1971 3101
208 136 266 177 64
792 143 1063 174 CORNELIUS
1098 141 1262 173 NEPOS.

206 265 300 314 bus
345 263 573 313 Africam
616 263 826 313 accessit
870 263 922 310 in
965 260 1150 310 finibus
1195 259 1589 326 Cyrenaeorum,
1630 257 1673 307 si
1715 257 1848 308 forte

207 344 653 410 Carthaginienses
672 342 738 391 ad
759 341 948 391 bellum
971 340 1214 389 Antiochi
1234 356 1321 405 spe
1338 337 1624 402 fiduciaque
1641 346 1848 403 possent

206 423 390 482 induci,
416 423 498 472 cui
524 423 625 471 iam
650 430 982 488 persuaserat,
1007 431 1065 469 ut
1088 437 1202 468 cum
1230 417 1538 468 exercitibus
1564 417 1617 466 in
1645 416 1847 466 Italiam

206 504 619 570 proficisceretur.
698 502 811 550 Huc
847 501 1120 567 Magonem
1152 499 1364 548 fratrem
1391 497 1594 547 excivit.
1672 496 1733 546 Id
1758 496 1847 545 ubi

206 584 364 633 Poeni
382 583 710 642 resciverunt,
729 581 1001 647 Magonem
1020 579 1211 640 eadem,
1226 596 1326 644 qua
1345 578 1570 638 fratrem,
1584 577 1847 626 absentem

206 666 484 713 affecerunt
523 680 698 729 poena.
794 661 875 709 Illi
915 660 1196 725 desperatis
1235 659 1386 708 rebus
1424 675 1540 708 cum
1577 656 1850 707 solvissent

207 761 359 793 naves
392 761 448 792 ac
481 743 594 792 vela
630 741 796 791 ventis
830 740 1106 800 dedissent,
1139 738 1399 788 Hannibal
1432 737 1498 787 ad
1531 736 1847 786 Antiochum

206 823 452 890 pervenit.
529 823 607 872 De
643 821 878 887 Magonis
911 821 1126 870 interitu
1152 819 1344 885 duplex
1369 818 1613 868 memoria
1644 817 1849 883 prodita

206 915 296 953 est.
374 903 609 968 Namque
643 902 728 950 alii
764 900 1044 968 naufragio,
1081 899 1167 948 alii
1201 917 1229 948 a
1264 898 1474 948 servolis
1507 898 1665 964 ipsius
1695 897 1848 946 inter-

206 985 398 1034 fectum
433 1001 548 1033 eum
579 983 825 1047 scriptum
857 981 1190 1046 reliquerunt.
1266 978 1553 1028 Antiochus
1588 985 1775 1039 autem,
1806 977 1847 1026 si

207 1077 312 1113 tarn
339 1066 390 1113 in
416 1063 640 1131 gerendo
667 1062 800 1111 bello
829 1061 1050 1111 consiliis
1077 1061 1184 1110 eius
1210 1076 1388 1126 parere
1411 1058 1669 1120 voluisset,
1693 1075 1848 1124 quam

206 1145 259 1194 in
304 1143 625 1209 suscipiendo
670 1143 980 1202 instituerat,
1022 1141 1231 1207 propius
1269 1139 1440 1189 Tiberi
1491 1155 1644 1204 quam
1695 1137 1848 1187 Ther-

207 1224 423 1290 mopylis
450 1223 512 1273 de
539 1241 735 1272 summa
762 1222 962 1288 imperii
989 1221 1294 1270 dimicasset.
1371 1219 1536 1281 Quem
1562 1217 1657 1267 etsi
1684 1217 1848 1266 multa

207 1305 363 1354 stulte
391 1304 559 1353 conari
588 1303 807 1362 videbat,
839 1311 1009 1351 tamen
1039 1301 1180 1350 nulla
1207 1300 1434 1349 deseruit
1471 1299 1525 1347 in
1556 1315 1623 1348 re.
1699 1297 1848 1348 Prae·

206 1384 304 1433 fuit
337 1385 508 1450 paucis
544 1383 772 1443 navibus,
808 1400 933 1448 quas
965 1398 1029 1431 ex
1062 1381 1211 1448 Syria
1242 1380 1408 1429 iussus
1442 1386 1553 1428 erat
1586 1378 1638 1427 in
1670 1377 1848 1427 Asiam

206 1464 402 1525 (lucere,
427 1464 606 1529 hisque
626 1463 870 1513 adversus
892 1461 1211 1512 Rhodiorum
1236 1460 1447 1510 classem
1467 1460 1520 1508 in
1539 1457 1847 1524 Pamphylio

208 1545 332 1594 mari
375 1545 617 1593 conflixit.
697 1541 852 1611 [Quo]
898 1559 1014 1591 cum
1057 1540 1392 1590 multitudine
1435 1539 1855 1588 adversariorum-

207 1625 284 1673 sui
311 1633 686 1690 superarentur,
711 1624 831 1689 ipse,
855 1639 957 1688 quo
978 1638 1135 1671 cornu
1155 1637 1263 1670 rem
1283 1619 1454 1687 gessit,
1479 1619 1580 1668 fuit
1600 1618 1843 1684 superior.

277 1704 320 1754 9.
361 1704 617 1753 Antiocho
662 1704 841 1771 fugato
884 1719 1078 1763 verens,
1121 1718 1183 1750 ne
1226 1699 1514 1760 dederetur,
1557 1697 1696 1764 quod
1739 1698 1846 1748 sine

206 1784 362 1834 dubio
399 1784 677 1845 accidisset,
719 1784 759 1833 si
799 1784 876 1832 sui
926 1782 1128 1832 fecisset
1173 1788 1494 1847 potestatem,
1537 1778 1744 1829 Cretam
1781 1777 1847 1828 ad

208 1864 488 1930 Gortynios
527 1865 682 1925 venit,
720 1874 780 1913 ut
817 1864 900 1923 ibi,
943 1880 1045 1928 quo
1084 1879 1135 1911 se
1174 1861 1441 1921 conferret,
1484 1858 1842 1909 consideraret.

207 1944 354 1994 Yidit
398 1954 571 1994 autem
615 1945 693 1993 vir
736 1944 965 1994 omnium
1015 1941 1370 1992 callidissimus
1413 1956 1600 2006 magno
1642 1956 1695 1989 se
1738 1938 1846 1988 fore

209 2025 444 2090 periculo,
476 2025 570 2073 nisi
599 2024 721 2090 quid
750 2023 1070 2090 providisset,
1102 2030 1312 2088 propter
1340 2020 1610 2070 avaritiam
1641 2018 1847 2069 Creten-

208 2106 352 2154 sium.
433 2106 675 2171 Magnam
706 2105 841 2154 enim
873 2121 1043 2153 secum
1075 2102 1343 2168 pecuniam
1375 2099 1626 2167 portabat,
1655 2098 1719 2149 de
1746 2115 1847 2164 qua

209 2186 399 2234 sciebat
425 2186 587 2234 exisse
614 2185 815 2233 famam.
883 2184 1063 2248 Itaque
1091 2182 1227 2248 capit
1253 2181 1354 2230 tale
1385 2179 1663 2230 consilium.
1727 2178 1847 2227 Am-

210 2265 393 2330 phoras
431 2265 716 2330 complures
754 2263 975 2329 complet
1010 2262 1236 2328 plumbo,
1274 2277 1497 2310 summas
1527 2258 1693 2325 operit
1722 2275 1847 2307 auro

210 2356 258 2394 ct
309 2354 534 2411 argento.
613 2344 720 2393 Has
769 2343 1121 2409 praesentibus
1171 2340 1485 2407 principibus
1533 2337 1746 2404 deponit
1793 2337 1847 2387 in

211 2425 400 2490 templo
439 2425 647 2484 Dianae,
689 2423 933 2473 simulans
971 2440 1022 2471 se
1060 2439 1175 2470 suas
1213 2420 1445 2470 fortunas
1485 2417 1688 2467 illorum
1728 2416 1847 2466 fidei

210 2504 425 2554 credere.
505 2505 598 2553 His
637 2504 686 2552 in
727 2520 947 2552 errorem
992 2501 1216 2551 inductis
1253 2507 1449 2548 statuas
1485 2514 1679 2557 aeneaS,
1721 2513 1847 2562 quas

210 2603 379 2634 secum
424 2584 674 2650 portabat,
723 2583 858 2632 omni
905 2599 995 2631 sua
1040 2580 1254 2647 pecunia
1302 2577 1524 2644 complet
1566 2593 1750 2642 easque
1793 2576 1847 2625 in

212 2664 482 2730 propatulo
518 2663 655 2712 (lomi
694 2662 861 2711 abicit.
938 2660 1178 2726 Gortynii
1219 2658 1467 2724 templum
1505 2674 1691 2723 magna
1727 2673 1848 2706 cura

212 2743 510 2792 custodiunt
537 2759 637 2791 non
666 2750 769 2790 tam
797 2760 826 2789 a
852 2741 1032 2790 ceteris
1059 2756 1211 2805 quam
1237 2737 1302 2787 ab
1342 2735 1643 2797 Hannibale,
1674 2752 1736 2786 ne
1762 2734 1847 2785 ille

212 2822 544 2872 inscientibus
572 2821 632 2870 iis
659 2821 862 2870 tolleret
888 2836 1159 2884 secumque
1185 2817 1410 2868 duceret.

285 2901 362 2952 10.
405 2902 486 2951 Sic
519 2901 829 2951 conservatis
862 2900 965 2950 suis
1000 2899 1150 2949 rebus
1184 2897 1420 2948 omnibus
1451 2897 1655 2947 Poenus
1686 2894 1850 2945 illusis
