2004 3165
1676 86 1733 100 --

791 96 1009 130 armeus.
1682 109 1692 129 a
1714 106 1726 130 ο

141 219 187 275 7.
230 218 423 272 Incidit
472 217 842 271 Caesarianum
893 218 1043 269 civile
1094 218 1302 279 bellum,
1352 235 1467 268 cum
1521 217 1743 268 haberet·

68 318 234 353 annos
276 301 482 352 circiter
530 301 816 370 sexaginta.
914 299 1053 351 Usus
1104 310 1182 351 est
1231 300 1419 350 aetatis
1465 299 1734 349 vacatione

70 399 239 450 neque
278 399 333 434 se
372 399 637 450 quoquam
678 381 844 433 movit
888 399 952 432 ex
994 381 1134 432 urbe.
1227 381 1370 444 Quae
1411 380 1589 430 amicis
1629 380 1735 430 suis

69 479 201 532 opus
241 462 451 515 fuerant
487 462 553 514 ad
607 463 911 531 Pompeium
958 462 1414 530 proficiscentibuS,
1456 461 1630 511 omnia
1671 479 1735 511 ex

69 561 162 596 sua
203 562 257 596 re
299 543 539 595 familiari
580 543 743 595 dedit.
830 543 1005 612 Ipsum
1050 543 1356 610 Pompeium
1398 543 1733 593 coniunctum

71 642 175 676 non
213 624 444 676 offendit.
523 624 739 676 Nullum
780 625 846 675 ab
884 643 944 675 eo
990 623 1213 675 habebat
1251 633 1632 684 ornamentum,
1676 635 1731 674 ut

70 706 243 768 ceteri,
284 706 373 773 qui
413 723 506 773 per
542 723 660 757 eum
698 715 791 757 aut
830 705 1050 757 honores
1087 716 1178 756 aut
1215 705 1428 756 divitias
1467 717 1735 773 ceperant;

68 804 293 855 quorum
343 787 535 855 partim
587 787 886 837 invitissimi
933 796 1100 837 castra
1144 797 1267 837 sunt
1317 788 1495 848 secuti,
1545 787 1733 854 partim

68 884 271 919 summa
310 884 428 919 cum
469 867 580 920 eius
618 869 898 919 offensione
932 868 1073 918 domi
1116 878 1489 919 remanserunt.
1569 869 1733 917 Attici

70 958 249 1001 autem
274 949 423 1017 quies
450 957 723 1016 tantopere
751 949 956 1000 Caesari
994 949 1094 999 suit
1126 959 1290 1017 grata,
1322 960 1379 999 ut
1409 950 1586 1010 victor,
1618 966 1733 999 cum

69 1031 288 1100 privatis
314 1030 559 1099 pecunias
586 1048 676 1098 per
696 1031 944 1098 epistulas
973 1032 1264 1098 imperaret,
1291 1031 1408 1081 huic
1438 1049 1538 1081 non
1568 1030 1733 1081 solum

69 1111 320 1164 molestus
357 1129 460 1163 non
500 1111 673 1172 fuerit,
711 1111 800 1162 sed
840 1113 996 1162 ctiam
1036 1113 1224 1163 sororis
1264 1112 1426 1162 filium
1466 1122 1519 1162 et
1558 1112 1613 1176 Q.
1655 1112 1734 1163 Ci-

67 1211 307 1246 ceronem
357 1211 422 1244 ex
481 1192 712 1260 Pompeii
764 1194 945 1243 castris
1000 1194 1321 1245 concesserit.
1423 1194 1506 1244 Sic
1559 1204 1733 1244 vetere

70 1275 316 1326 instituto
342 1274 481 1326 vitae
509 1274 692 1342 effugit
720 1292 853 1324 nova
881 1275 1118 1342 pericula.

139 1355 186 1409 8.
228 1356 476 1408 Secutum
510 1365 591 1407 est
628 1354 758 1406 illud
793 1357 958 1406 occiso
992 1356 1223 1417 Caesare,
1254 1374 1369 1407 cum
1410 1374 1489 1407 res
1529 1356 1734 1424 publica

70 1454 227 1506 penes
266 1437 456 1488 Brutos
490 1436 759 1488 videretur
793 1455 901 1487 esse
938 1448 988 1487 et
1030 1437 1264 1488 Cassium
1303 1457 1360 1488 ac
1401 1448 1512 1488 tota
1551 1439 1734 1488 civitas

67 1536 122 1570 se
146 1517 214 1570 ad
245 1535 332 1570 eos
364 1519 680 1570 convertisse
708 1518 987 1569 videretur.
1067 1520 1149 1569 Sic
1190 1519 1258 1569 M.
1294 1519 1456 1569 Bruto
1483 1537 1605 1569 usus
1637 1532 1728 1579 est,

69 1607 130 1651 ut
174 1599 317 1651 nullo
361 1599 447 1651 ille
490 1599 793 1651 adulescens
836 1600 1038 1667 aequali
1088 1600 1392 1650 familiarius
1437 1618 1592 1667 quam
1640 1601 1732 1651 hoc

67 1698 204 1743 sene,
243 1697 411 1748 neque
449 1680 617 1732 solum
655 1698 774 1732 eum
814 1682 1098 1749 principem
1140 1682 1335 1732 consilii
1377 1681 1605 1742 haberet,
1643 1681 1731 1732 sed

68 1762 229 1814 etiam
271 1762 323 1813 in
364 1762 622 1813 convictu.
700 1761 1068 1831 Excogitatum
1114 1773 1187 1813 est
1231 1782 1261 1812 a
1302 1763 1628 1830 quibusdam,
1675 1774 1731 1813 ut

70 1844 335 1912 privatum
360 1844 617 1895 aerarium
650 1843 884 1896 Caesaris
925 1845 1346 1896 interfectoribus
1377 1844 1444 1895 ab
1470 1845 1734 1911 equitibus

70 1924 317 1977 Romanis
355 1925 775 1977 constitueretur.
857 1926 915 1977 Id
956 1926 1104 1978 facile
1140 1927 1266 1978 effici
1307 1944 1454 1995 posse
1492 1926 1731 1976 arbitrati

66 2016 205 2068 sunt,
258 2007 300 2057 si
358 2006 615 2075 principes
666 2007 775 2058 eius
826 2008 1022 2058 ordinis
1083 2009 1324 2076 pecunias
1374 2007 1726 2058 contulissent.

71 2086 256 2156 Itaque
274 2087 567 2156 appellatus
587 2097 664 2139 est
691 2107 720 2138 a
748 2089 802 2140 C.
829 2088 1022 2150 Flavio,
1052 2090 1198 2140 Bmti
1228 2088 1483 2150 familiari,
1506 2090 1729 2149 Atticus,

66 2176 129 2221 ut
153 2169 264 2221 eius
291 2168 362 2220 rei
392 2170 630 2238 princeps
656 2187 764 2221 esse
794 2170 962 2221 vellet.
1027 2173 1097 2221 At
1127 2170 1224 2230 ille,
1251 2170 1337 2237 qui
1367 2171 1530 2221 officia
1555 2171 1733 2220 amicis

68 2249 379 2318 praestanda
404 2250 515 2301 sine
542 2249 767 2302 factione
796 2252 1118 2302 existimaret
1148 2268 1453 2318 semperque
1480 2270 1509 2301 a
1542 2251 1732 2301 talibus

65 2346 121 2383 se
164 2329 392 2383 consiliis
437 2332 758 2394 removisset,
808 2331 1098 2400 respondit:
1157 2332 1197 2381 si
1250 2331 1376 2398 quid
1431 2331 1623 2382 Brutus
1667 2332 1731 2382 «le

68 2412 175 2464 suis
225 2411 563 2465 facultatibus
613 2414 692 2465 uti
740 2413 1001 2475 voluisset,
1051 2430 1280 2475 usurum,
1326 2422 1583 2480 quantum
1637 2413 1731 2464 hae

3 2547 10 2550 .
66 2502 398 2563 paterentum
433 2494 525 2548 sed
565 2512 733 2563 neque
772 2512 886 2546 cum
926 2512 1189 2562 quoquam
1227 2493 1292 2545 de
1331 2512 1390 2545 ea
1428 2513 1482 2546 re
1517 2494 1731 2545 collocu-

67 2583 245 2627 turum
294 2593 464 2644 neque
510 2577 784 2629 coiturum.
880 2577 962 2626 Sic
1015 2575 1099 2627 illc
1148 2577 1497 2627 consensionis
1546 2576 1731 2644 globus

67 2654 222 2709 huius
270 2658 427 2710 unius
476 2657 796 2710 dissensione
840 2658 1088 2708 disiectus
1138 2666 1230 2709 est.
1329 2657 1513 2725 Neque
1565 2657 1732 2708 multo

66 2745 186 2806 post
232 2738 470 2807 superior
512 2756 622 2791 esse
666 2739 837 2807 coepit
883 2738 1159 2799 Antonius,
1210 2739 1283 2789 ita
1327 2748 1387 2789 ut
1443 2738 1633 2788 Brutus
1677 2749 1730 2789 et

0 2814 4 2864 ἶ
66 2815 276 2872 Cassius
308 2818 709 2888 provinciarum,
739 2836 872 2886 quae
907 2819 968 2869 iis
1001 2818 1130 2869 dicis
1163 2836 1315 2869 causa
1341 2818 1494 2869 datae
1522 2829 1670 2868 erant
1700 2837 1730 2868 a

0 2966 18 3076 k

0 3094 38 3165 ι

65 2897 275 2952 consule
305 2938 319 2953 .
355 2940 367 2952 .
406 2940 417 2952 .
448 2898 736 2968 desperatis
764 2899 916 2951 rebus
943 2900 995 2950 in
1023 2899 1238 2951 exilium
1267 2899 1727 2968 proficiscerentur,
