2004 3165
827 133 1046 165 ArrlcUS.
1721 126 1782 168 83

172 254 251 307 15.
297 254 634 305 Mendacium
686 272 855 321 neque
906 253 1115 305 dicebat
1165 271 1333 320 neque
1385 254 1497 321 pati
1554 263 1777 322 poterat.

97 335 285 404 Itaque
308 337 419 387 eius
439 337 656 387 comitas
678 353 782 386 non
801 336 911 386 sine
929 336 1207 386 severitate
1226 344 1340 385 erat
1360 353 1531 403 neque
1546 337 1781 405 gravitas

96 418 207 469 sine
249 418 516 481 facilitate,
565 427 626 469 ut
670 417 877 469 difficile
924 428 1059 468 esset
1103 417 1389 480 intellect11‚
1434 425 1614 468 utrum
1660 437 1781 469 eum

96 501 250 551 amici
293 501 460 570 magis
505 508 814 552 vererentur
857 518 925 550 an
975 508 1223 550 amarent.
1322 500 1592 567 Quidquid
1637 519 1783 568 roga-

95 583 266 645 batur,
298 583 537 652 religiose
564 582 922 650 promittebat,
954 582 1094 649 quod
1122 600 1226 633 non
1260 582 1502 644 liberaliS,
1534 583 1622 634 sed
1652 583 1781 634 levis

95 665 453 716 arbitrabatur
479 665 726 733 polliceri,
759 664 897 731 quod
934 674 1199 731 praestare
1227 683 1330 715 non
1363 674 1552 732 posset.
1632 666 1779 717 Idem

95 747 149 797 in
178 746 410 810 nitend0,
441 765 558 798 cum
586 746 745 798 semel
778 746 1064 808 annuisset,
1101 756 1249 796 tanta
1277 755 1390 797 erat
1416 766 1552 809 cura,
1583 758 1642 798 ut
1675 767 1779 799 non

96 829 414 892 mandatam,
458 829 547 881 sed
589 847 736 880 suam
774 847 885 880 rem
924 828 1195 879 videretur
1220 847 1387 897 agere.
1474 830 1778 897 Numquam

95 912 324 980 suscepti
364 912 561 980 negotii
602 929 721 962 eum
761 920 1059 980 pertaesum
1099 922 1199 961 est:
1241 930 1387 962 suam
1427 913 1565 963 enim
1605 914 1779 963 existi-

96 994 382 1045 mationem
409 994 462 1044 in
490 1011 550 1045 ea
577 1012 631 1045 re
658 994 743 1063 agi
771 994 992 1062 putabat
1005 1014 1018 1057 3
1056 1011 1159 1060 qua
1181 993 1310 1043 nihil
1339 994 1565 1045 habebat
1592 996 1774 1046 carius.

97 1075 212 1140 Quo
246 1077 417 1137 fiebat,
448 1086 510 1126 ut
547 1076 721 1127 omnia
757 1076 1081 1137 Ciceronum,
1121 1075 1351 1138 CatoniS,
1390 1076 1447 1139 Q.
1488 1076 1774 1140 Hortensii,

96 1158 222 1208 Auli
251 1159 521 1225 Torquati,
546 1158 836 1209 multorum
863 1167 1133 1226 praeterea
1154 1159 1391 1225 equitum
1421 1159 1777 1209 Romanorum

96 1241 309 1309 negotia
336 1248 653 1308 procuraret.
732 1240 811 1291 Ex
834 1258 938 1308 quo
965 1240 1182 1291 iudicari
1210 1249 1417 1308 poterat
1438 1259 1542 1291 non
1570 1242 1773 1304 inertia,

96 1323 187 1374 sed
214 1323 408 1375 iudicio
435 1323 632 1391 fugisse
660 1324 733 1374 rei
763 1323 1000 1390 publicae
1028 1324 1460 1390 procurationem.

169 1404 246 1455 16.
286 1405 649 1455 Humanitatis
668 1423 791 1456 vero
810 1405 1011 1455 nullum
1030 1406 1212 1455 afferre
1231 1406 1396 1455 maius
1414 1406 1775 1456 testimonium

93 1504 319 1554 possum,
368 1504 526 1554 quam
571 1487 712 1554 quod
757 1486 1060 1537 adulescens
1106 1487 1246 1537 idem
1292 1487 1401 1537 seni
1452 1487 1626 1537 Sullae
1672 1487 1777 1537 fuit

92 1568 513 1631 iucundissimus,
558 1587 718 1620 senex
752 1569 1074 1620 adulescenti
1115 1569 1184 1619 M.
1224 1568 1402 1631 Bruto,
1441 1587 1557 1619 cum
1591 1587 1776 1636 aequa-

93 1649 230 1702 libus
268 1660 446 1702 autem
474 1651 581 1702 suis
621 1651 678 1715 Q.
712 1651 998 1702 Hortensio
1037 1660 1090 1701 et
1134 1651 1199 1702 M.
1235 1650 1483 1702 Cicerone
1523 1652 1592 1701 sic
1621 1652 1770 1714 vixit,

92 1740 154 1784 ut
204 1732 434 1784 iudicare
485 1733 693 1784 difficile
752 1734 833 1795 sit,
889 1734 970 1784 cui
1022 1735 1182 1784 aetati
1244 1733 1405 1784 fuerit
1454 1734 1767 1801 aptissimus.

95 1814 424 1882 Quamquam
464 1833 583 1866 eum
629 1817 906 1884 praecipue
945 1816 1133 1866 dilexit
1173 1815 1366 1878 Cicero,
1409 1824 1471 1866 ut
1508 1834 1571 1866 ne
1612 1816 1775 1867 frater

93 1896 306 1964 quidem
338 1897 384 1948 ei
418 1896 647 1961 Quintus
679 1899 846 1949 carior
878 1898 1038 1948 fuerit
1069 1906 1162 1948 aut
1198 1897 1516 1948 familiarior.
1602 1897 1662 1947 Ei
1697 1898 1770 1948 rei

93 1987 218 2029 sunt
258 1978 452 2030 indicio
497 1987 705 2046 praeter
749 1998 835 2031 eos
880 1980 1052 2041 libros,
1098 1980 1150 2029 in
1197 1980 1388 2046 quibus
1432 1979 1496 2029 de
1542 1997 1601 2030 eo
1647 1980 1773 2030 facit

93 2061 428 2123 mentionem,
465 2061 555 2128 qui
591 2062 645 2111 in
680 2061 872 2130 vulgus
904 2070 1028 2112 sunt
1064 2061 1206 2122 editi,
1247 2061 1471 2112 sedecim
1506 2061 1773 2112 volumina

93 2142 438 2210 epistularum
458 2143 524 2193 ab
542 2143 817 2194 consulatu
839 2144 950 2194 eius
972 2161 1136 2210 usque
1157 2143 1222 2193 ad
1246 2152 1541 2193 extremum
1564 2152 1771 2210 tempus

92 2224 159 2275 ad
212 2225 452 2276 Atticum
502 2225 806 2288 missarum,
859 2243 991 2292 quae
1044 2226 1132 2292 qui
1186 2225 1339 2293 legat,
1389 2243 1490 2275 non
1544 2225 1770 2275 multum

92 2304 356 2358 desideret
399 2306 676 2357 historiam
721 2315 1023 2358 contextam
1066 2324 1245 2358 eorum
1290 2315 1600 2373 temporum.
1687 2308 1771 2357 Sic

93 2388 232 2439 enim
272 2389 447 2439 omnia
487 2387 552 2439 de
593 2387 783 2439 studiis
824 2388 1133 2456 principum,
1181 2389 1323 2438 vitiis
1356 2388 1564 2450 ducum,
1604 2398 1771 2439 muta-

93 2469 326 2521 tionibus
353 2471 427 2521 rei
461 2470 698 2538 publicae
731 2471 1018 2538 perscripta
1045 2479 1181 2532 sunt,
1212 2479 1274 2520 ut
1308 2470 1436 2520 nihil
1470 2471 1525 2521 in
1559 2470 1639 2521 his
1667 2489 1770 2521 non

92 2558 343 2620 appareat
377 2560 432 2603 et
465 2552 616 2603 facile
653 2553 942 2603 existimari
978 2553 1142 2620 possit
1177 2552 1510 2619 prudentiam
1543 2552 1770 2619 quodam

32 2659 40 2669 ·
92 2632 249 2684 modo
290 2650 400 2685 esse
440 2633 834 2685 divinationem.
920 2634 1041 2685 Non
1084 2634 1220 2685 enim
1263 2633 1444 2685 Cicero
1485 2652 1544 2684 ea
1584 2634 1768 2697 solum,

93 2730 227 2781 quae
252 2714 376 2767 vivo
396 2732 450 2767 se
475 2715 793 2778 acciderunt,
818 2716 999 2766 futura
1025 2714 1300 2783 praedixit,
1326 2716 1415 2766 sed
1439 2716 1611 2777 etiarn,
1636 2733 1769 2782 quae

93 2815 232 2850 nunc
256 2816 356 2851 usu
382 2800 618 2863 veniunt,
648 2801 837 2852 cecinit
863 2808 924 2851 ut
951 2809 1109 2851 vates,

166 2879 245 2932 17.
287 2879 369 2932 De
394 2881 592 2949 pietate
618 2889 795 2933 autem
819 2882 983 2932 Attici
1012 2881 1139 2948 quid
1168 2881 1318 2948 plura
1339 2883 1771 2932 commemorem?

93 2976 212 3013 cum
232 2959 329 3013 hoc
354 2961 527 3030 ipsum
548 2979 669 3015 vere
693 2962 1008 3032 gloriantem
1029 2962 1285 3015 audierim
1306 2963 1360 3013 in
1381 2963 1563 3014 funere
1584 2962 1767 3013 matris
