2004 3165
734 69 1102 104 zrauisosnas.
1690 67 1749 108 45

87 184 252 248 utilia,
290 186 455 256 gratis
498 186 665 240 facere
705 205 818 240 sum
865 199 1075 257 paratus
1089 211 1100 252 ;
1143 192 1220 241 sin
1259 202 1431 242 autem
1473 195 1743 250 contraria,

87 283 192 318 non
225 265 383 319 habet
414 269 527 321 auri
564 277 723 337 atque
752 270 955 339 argenti
987 272 1125 322 satis.
1206 271 1442 340 Namque
1474 273 1612 323 orbis
1652 284 1745 324 ter-

87 364 261 400 rarum
297 347 509 402 divitias
551 351 782 419 accipere
823 351 942 402 nolo
986 370 1078 420 pro
1121 354 1315 420 [nitriae
1359 354 1589 405 caritate.
1666 355 1744 405 'l'u

23 450 28 459 ·
84 428 226 497 quod
269 447 351 482 me
395 431 717 499 incognitum
764 434 1030 500 temptasti
1084 435 1264 501 tuique
1308 435 1528 486 similem
1574 437 1746 487 existi-

0 1287 21 1423 πτιτ
0 1148 6 1232 w*-

85 510 253 572 masti,
284 527 386 561 non
420 511 580 563 miror
611 512 810 580 tibique
843 514 1075 582 ignosco:
1113 514 1202 565 sed
1234 516 1477 583 egredere
1513 534 1741 584 propere,

86 607 150 643 ne
180 590 310 643 alios
346 609 657 661 corrumpas,
694 611 809 645 cum
849 612 930 646 me
970 613 1070 646 non
1112 597 1354 663 potueris
1435 597 1499 647 Et
1539 609 1610 658 tu,
1654 598 1745 649 Mi-

83 671 255 740 cythe,
282 682 558 742 argentum
592 672 710 726 huie
747 675 917 737 redde,
947 687 1052 738 aut,
1085 677 1179 727 nisi
1218 677 1267 728 id
1296 678 1566 729 confestim
1604 680 1740 740 facis,

83 769 181 823 ego
206 761 259 805 te
286 753 488 807 tradam
516 757 890 825 magistratui.”

155 832 309 886 Hunc
343 834 632 887 Diomedon
672 855 787 888 cum
826 850 1045 906 rogaret,
1085 849 1138 889 ut
1176 849 1293 890 tuto
1328 840 1493 892 exiret
1531 859 1740 909 suaque,

81 931 215 983 quae
257 915 524 979 attulerat,
566 917 742 970 liceret
787 921 981 983 efferre,
1034 927 1062 946 “
1084 919 1229 971 Istud
1274 921 1484 988 quidem
1506 923 1528 940 ’⁹
1574 924 1739 990 inquit

85 1000 116 1024 ‘⁴
133 994 331 1060 faciam,
357 1015 523 1066 neque
550 1007 642 1051 tua
668 1017 833 1062 causa,
858 1000 946 1051 sed
976 1019 1101 1060 mea,
1134 1020 1210 1061 ne,
1240 1003 1280 1052 si
1311 1004 1404 1053 tibi
1433 1004 1499 1053 sit
1527 1007 1743 1071 pecunia

78 1076 338 1147 adempta,
360 1079 550 1148 aliquis
570 1080 710 1132 dicat
732 1081 781 1132 id
808 1082 874 1133 ad
898 1100 978 1134 me
1005 1094 1240 1151 ereptum
1272 1086 1576 1152 pervenisse,
1602 1087 1738 1153 quod

78 1156 312 1211 delatum
355 1161 585 1229 accipere
630 1162 956 1214 noluissem’'.
1039 1165 1083 1214 A
1131 1182 1235 1231 quo
1279 1183 1394 1216 cum
1440 1168 1736 1233 quaesisset,

78 1256 184 1309 quo
209 1258 263 1293 se
292 1241 480 1293 deduci
509 1242 678 1304 vellet,
709 1254 761 1294 et
789 1243 873 1295 ille
903 1244 1137 1296 Athenas
1163 1245 1395 1308 dixisset,
1428 1248 1738 1315 praesidium

77 1320 241 1385 dedit,
270 1331 332 1373 ut
370 1331 487 1374 tuto
519 1325 826 1392 perveniret.
907 1326 1088 1393 Neque
1131 1345 1251 1376 vero
1291 1327 1341 1378 id
1381 1329 1505 1378 satis
1542 1329 1736 1391 habuit,

77 1393 169 1455 sed
186 1403 358 1465 etiam,
375 1413 433 1455 ut
449 1404 730 1456 inviolatus
749 1407 798 1457 in
819 1424 1002 1458 navem
1021 1408 1332 1468 escenderet,
1355 1426 1445 1476 per
1462 1409 1738 1461 Chabriam

77 1482 468 1547 Atheniensem,
497 1484 563 1537 de
601 1504 705 1554 quo
742 1505 899 1555 supra
939 1490 1254 1540 mentionem
1295 1489 1522 1552 fecimuS,
1553 1493 1735 1544 effecit.

78 1563 445 1618 Abstinentiae
464 1567 565 1618 erit
587 1566 680 1618 hoc
701 1569 825 1619 satis
847 1570 1218 1621 testimonium.
1279 1571 1506 1622 Plurima
1527 1574 1737 1640 quidem

78 1644 308 1714 proferre
344 1664 630 1716 possumus,
659 1648 748 1700 sed
782 1650 965 1701 modus
1001 1650 1327 1702 adhibendus
1365 1663 1457 1713 est,
1492 1656 1737 1721 quoniam

77 1742 183 1779 uno
219 1725 315 1779 hoc
348 1727 611 1782 volumine
646 1730 806 1782 vitam
848 1731 1212 1784 excellentium
1251 1734 1478 1785 virorum
1515 1736 1738 1804 complu-

77 1808 212 1860 rium
245 1807 551 1863 concludere
581 1812 959 1875 constituimnS,
995 1831 1215 1881 quorum
1248 1817 1524 1883 separatim
1559 1818 1737 1868 multis

76 1887 285 1942 milibus
327 1907 569 1943 versuum
610 1892 900 1962 complures
939 1895 1214 1963 scriptores
1254 1907 1376 1949 ante
1418 1916 1509 1948 nos
1550 1898 1738 1966 explic·

74 1978 246 2022 arunt.

145 2050 193 2105 6.
234 2049 358 2104 Fuit
382 2052 541 2105 etiam
565 2052 806 2116 disertus,
837 2066 896 2107 ut
925 2074 1076 2108 nemo
1102 2059 1146 2109 ei
1175 2058 1452 2110 Thebanus
1480 2078 1572 2128 par
1601 2073 1735 2113 esset

73 2129 385 2200 eloquentia,
423 2148 590 2204 neque
623 2135 794 2187 minus
832 2138 1112 2190 concinnus
1152 2140 1202 2190 in
1243 2140 1498 2191 brevitate
1533 2159 1734 2210 respon·

72 2208 232 2264 dendi
264 2228 421 2281 quam
456 2214 509 2265 in
544 2225 794 2284 perpetua
833 2219 1065 2270 oratione
1103 2231 1330 2272 ornatus.
1419 2221 1617 2273 Habuit
1651 2223 1733 2274 ob·

74 2299 409 2346 trectatorem
457 2293 778 2349 Menecliden
824 2299 1099 2367 quendam,
1148 2301 1377 2353 indidem
1428 2303 1633 2364 Thebis,
1681 2315 1732 2355 et

71 2371 428 2427 adversm-ium
469 2375 520 2428 in
560 2375 973 2431 administranda
1021 2399 1072 2432 re
1119 2382 1336 2450 publica,
1380 2385 1505 2435 satis
1546 2387 1734 2437 exerci-

74 2459 246 2507 tntum
289 2454 343 2507 in
385 2454 621 2524 dicendo,
665 2469 726 2512 ut
768 2459 1073 2513 Thebanum
1119 2463 1336 2515 scilicet:
1395 2482 1617 2533 namque
1659 2467 1730 2518 illi

70 2532 219 2604 genti
258 2534 376 2605 plus
415 2536 553 2590 inest
592 2539 781 2592 virium
819 2558 975 2609 quam
1016 2543 1219 2609 ingenii.
1305 2544 1366 2605 Is,
1408 2545 1548 2613 quod
1589 2547 1638 2597 in
1680 2565 1732 2599 re

72 2613 286 2669 militari
330 2616 513 2672 florere
557 2618 966 2689 Epaminondam
1021 2623 1243 2685 videbat,
1294 2624 1488 2678 hortari
1535 2628 1731 2679 solebat

71 2691 361 2760 Thebanos,
396 2707 460 2751 ut
489 2717 668 2770 pacem
700 2701 836 2754 bello
868 2703 1202 2765 anteferrent,
1241 2723 1303 2756 ne
1342 2706 1481 2759 illius
1520 2708 1731 2776 impera-

71 2775 204 2830 δαί·
250 2794 409 2848 opera
454 2778 850 2835 desideraretur.
948 2783 1082 2836 Huic
1128 2785 1212 2837 ille
1267 2786 1510 2838 “Famis”
1561 2789 1732 2856 inquit

75 2855 285 2912 “mbo
314 2858 443 2913 civis
481 2869 612 2925 tuos,
646 2862 786 2933 quod
827 2863 919 2915 bos
954 2884 985 2916 a
1023 2865 1158 2918 bello
1196 2885 1426 2920 revocas:
1465 2870 1557 2920 otii
1593 2871 1728 2921 enim
