1971 3101
177 129 235 170 82
765 131 1036 164 CORNELms
1070 130 1235 161 NEPOS.

250 258 432 322 Neque
453 263 626 305 tamen
646 255 830 304 horum
851 268 1161 318 quemquam
1182 249 1281 299 nisi
1301 248 1440 298 domi
1466 254 1648 297 natum
1666 245 1825 296 domi-

181 357 280 405 que
306 338 501 387 factum
527 336 733 396 habuit,
758 333 898 399 quod
919 340 996 381 est
1022 332 1225 398 signum
1252 346 1355 379 non
1381 327 1546 377 solum
1566 327 1826 376 continen-

181 421 296 480 tiae,
328 418 419 468 sed
453 419 609 467 etiam
636 415 948 481 diligentiae.
1026 412 1163 461 Nam
1198 418 1251 460 et
1284 427 1388 459 non
1422 409 1828 473 intemperanter

183 499 549 565 concupiscere,
589 495 728 562 quod
765 512 795 544 a
827 492 1063 560 plurimis
1099 491 1288 551 videas,
1328 488 1639 539 continentis
1673 486 1829 536 debet

182 580 314 641 duci,
346 587 397 629 et
423 579 594 644 potius
621 575 892 642 diligentia
927 590 1081 638 quam
1106 571 1274 637 pretio
1300 586 1480 636 parare
1506 586 1610 618 non
1640 567 1829 617 medio-

183 662 280 712 cris
307 668 384 710 est
409 658 706 708 industriae.
762 655 996 721 Elegans,
1021 670 1124 702 non
1150 651 1451 718 magnificus
1464 669 1476 712 3
1512 647 1826 715 splendidus,

184 759 286 791 non
331 746 682 805 sumptuosus:
728 735 998 799 omnisque
1043 732 1315 799 diligentia
1357 729 1683 790 munditiam,
1727 745 1831 777 non

183 821 498 870 affluentiam
533 816 821 867 affectabat.
901 813 1145 880 Supellex
1180 811 1394 872 modica,
1428 828 1531 860 non
1565 809 1742 870 multa,
1773 816 1833 857 ut

185 903 235 951 in
282 908 519 950 neutram
563 905 764 964 partem
814 894 1038 960 conspici
1086 900 1273 959 posset.
1367 891 1476 941 Nec
1524 889 1829 957 praeteribo,

185 998 499 1047 quamquam
553 977 813 1028 nonnullis
866 975 978 1025 leve
1027 975 1197 1023 visum
1248 973 1311 1022 iri
1362 979 1556 1038 putem,
1611 987 1726 1019 cum
1780 969 1834 1017 in

185 1062 363 1128 primis
401 1061 573 1110 lautus
609 1066 743 1108 esset
777 1073 934 1144 eques
968 1055 1231 1104 Romanus
1267 1060 1319 1102 et
1356 1069 1460 1101 non
1496 1068 1679 1117 parum
1716 1050 1836 1100 libe-

186 1144 362 1192 raliter
388 1141 599 1191 domum
625 1156 771 1188 suam
797 1137 1029 1187 omnium
1050 1134 1291 1184 ordinum
1310 1132 1584 1182 homines
1571 1149 1660 1180 1111
1663 1131 1832 1192 itaret,

190 1221 419 1293 [scimus]
465 1239 568 1271 non
617 1219 838 1285 amplius
888 1234 1043 1283 quam
1094 1223 1241 1265 terna
1290 1213 1433 1262 milia
1480 1228 1734 1278 peraeque
1783 1211 1838 1260 in

187 1304 416 1371 singulos
449 1319 648 1352 menses
683 1318 747 1350 ex
782 1296 1107 1365 ephemeride
1141 1313 1259 1345 eum
1293 1310 1575 1360 expensum
1609 1292 1839 1357 sumptui

190 1386 323 1435 ferre
362 1384 586 1434 solitum.
663 1382 840 1446 Atque
879 1379 974 1428 hoc
1012 1394 1116 1426 non
1152 1375 1404 1435 auditum,
1447 1373 1536 1423 sed
1575 1373 1841 1439 cognitum

189 1465 566 1532 praedicamus:
607 1478 755 1527 saepe
779 1460 915 1509 enim
935 1465 1147 1524 propter
1175 1455 1582 1504 familiaritatem
1602 1452 1841 1502 domesti-

191 1547 260 1595 cis
287 1546 438 1595 rebus
465 1542 808 1593 interfuimus.

266 1626 345 1676 14.
388 1624 589 1674 Nemo
576 1641 629 1672 111
650 1640 780 1672 conv
783 1622 835 1670 11
838 1621 888 1670 10
909 1619 1017 1669 eius
1037 1616 1179 1667 aliud
1198 1632 1433 1665 acroama
1457 1613 1614 1663 audii
1618 1613 1660 1662 it
1687 1629 1843 1678 quam

191 1713 537 1774 anagnosten·
580 1703 720 1769 quod
762 1720 854 1751 nos
899 1699 1109 1766 quidem
1158 1695 1588 1747 iucundissimum
1631 1693 1845 1742 arbitra-

194 1806 332 1837 mur:
390 1802 556 1851 neque
600 1801 848 1849 umquam
892 1782 1001 1831 sine
1051 1779 1224 1844 aliqua
1272 1776 1492 1826 lectione
1540 1773 1681 1840 apud
1727 1790 1844 1823 eum

196 1876 434 1918 cenatum
462 1872 552 1926 est,
582 1872 641 1913 ut
672 1881 776 1913 non
809 1863 980 1911 minus
1010 1860 1182 1909 animo
1209 1875 1365 1924 quam
1391 1862 1574 1906 ventre
1600 1853 1784 1903 00111711
1787 1870 1846 1903 ae

196 1950 590 1999 delectarentur.
668 1944 906 2008 Namque
949 1958 1033 1991 eos
1074 1939 1304 2000 vocabat,
1347 1953 1569 2004 quorum
1609 1951 1777 1984 mores
1817 1951 1847 1984 a

196 2031 301 2080 suis
340 2046 443 2078 non
480 2027 831 2076 abhorrerent.
909 2021 1042 2072 Cum
1079 2028 1226 2070 tanta
1262 2018 1510 2086 pecuniae
1541 2015 1679 2065 facta
1714 2023 1848 2065 esset

196 2110 429 2170 accessio,
460 2107 588 2156 nihil
622 2106 685 2155 de
720 2103 980 2155 cotidiano
1013 2101 1157 2151 cultu
1189 2098 1427 2159 mutavit,
1458 2096 1587 2146 nihil
1619 2095 1683 2145 de
1710 2095 1848 2144 vit-ae

197 2189 583 2249 consuetudine,
614 2193 863 2251 tantaque
898 2200 1022 2232 usus
1060 2188 1138 2231 est
1176 2179 1543 2238 moderatione,
1584 2184 1646 2225 ut
1681 2191 1848 2240 neque

199 2273 252 2321 in
294 2270 530 2320 sestertio
574 2268 743 2328 110103,
793 2264 931 2331 quod
976 2282 1005 2312 a
1054 2269 1201 2328 patre
1240 2265 1518 2325 acceperat,
1567 2273 1750 2323 parum
1795 2271 1848 2304 se

202 2350 467 2418 splendide
505 2349 723 2417 gesserit
754 2362 922 2411 neque
959 2345 1013 2393 in
1052 2342 1289 2392 sestertio
1327 2339 1518 2389 centies
1555 2335 1849 2386 affluentius

202 2432 405 2491 xixerit,
453 2448 608 2495 quam
656 2428 969 2486 instituerat,
1024 2424 1236 2490 parique
1285 2419 1493 2486 fastigio
1543 2417 1748 2467 steterit
1795 2415 1850 2464 in

202 2522 423 2577 utraque
467 2510 690 2559 fortuna.
768 2506 954 2556 ‘Nullos
991 2504 1176 2554 habuit
1212 2503 1403 2561 hortos,
1439 2499 1635 2548 nullam
1674 2496 1851 2546 subur-

203 2594 390 2643 banam
410 2599 501 2640 aut
518 2589 828 2638 maritimam
847 2593 1202 2651 sumptuosam
1219 2583 1396 2632 villam
1417 2596 1582 2646 neque
1602 2579 1658 2628 in
1681 2576 1846 2636 Italia,

204 2680 409 2740 praeter
435 2670 738 2720 Arretinum
771 2675 824 2717 et
853 2667 1256 2723 Nomentanum,
1285 2661 1538 2712 rusticum
1564 2657 1847 2726 praedium,

205 2753 473 2818 omnisque
501 2751 607 2801 eius
633 2748 878 2816 pecuniae
906 2745 1105 2796 reditus
1132 2741 1438 2794 constabat
1424 2757 1479 2790 111
1498 2736 1773 2806 Epiroticis
1800 2741 1853 2785 et

205 2834 416 2883 urbanis
436 2829 852 2898 possessionibus.
895 2827 975 2876 Ex
996 2842 1097 2891 quo
1118 2822 1351 2890 cognosci
1371 2826 1545 2888 potest
1563 2835 1715 2869 usum
1735 2833 1853 2867 eum

206 2913 452 2980 pecuniae
479 2928 582 2962 non
607 2907 982 2977 magnitudine,
1013 2904 1103 2956 sed
1128 2904 1329 2954 ratione
1354 2901 1528 2952 metiri
1554 2899 1777 2950 solitum.
