<?xml version="1.0" encoding="UTF-8"?>
<!DOCTYPE html PUBLIC "-//W3C//DTD XHTML 1.0 Transitional//EN"
    "http://www.w3.org/TR/xhtml1/DTD/xhtml1-transitional.dtd">
<html xmlns="http://www.w3.org/1999/xhtml" xml:lang="en" lang="en">
 <head>
  <title>
</title>
<meta http-equiv="Content-Type" content="text/html;charset=utf-8" />
  <meta name='ocr-system' content='tesseract 3.04.00' />
  <meta name='ocr-capabilities' content='ocr_page ocr_carea ocr_par ocr_line ocrx_word'/>
</head>
<body>
  <div class='ocr_page' id='page_1' title='image "./selectbiographie00nepouoft_0082.png"; bbox 0 0 1971 3101; ppageno 0'>
   <div class='ocr_carea' id='block_1_1' title="bbox 227 145 1282 190">
    <p class='ocr_par' dir='ltr' id='par_1_1' title="bbox 227 145 1282 190">
     <span class='ocr_line' id='line_1_1' title="bbox 227 145 1282 190; baseline -0.007 -1"><span class='ocrx_word' id='word_1_1' title='bbox 227 145 286 190; x_wconf 79' lang='lat'>78</span> <span class='ocrx_word' id='word_1_2' title='bbox 810 153 1083 185; x_wconf 72' lang='lat' dir='ltr'>CORNELIUS</span> <span class='ocrx_word' id='word_1_3' title='bbox 1117 151 1282 183; x_wconf 82' lang='lat' dir='ltr'>NEPOS.</span> 
     </span>
    </p>
   </div>
   <div class='ocr_carea' id='block_1_2' title="bbox 227 269 1881 2987">
    <p class='ocr_par' dir='ltr' id='par_1_2' title="bbox 227 269 1877 660">
     <span class='ocr_line' id='line_1_2' title="bbox 230 269 1875 341; baseline -0.003 -17"><span class='ocrx_word' id='word_1_4' title='bbox 230 276 451 335; x_wconf 83' lang='lat' dir='ltr'>Atticus,</span> <span class='ocrx_word' id='word_1_5' title='bbox 473 275 561 340; x_wconf 92' lang='lat' dir='ltr'>qui</span> <span class='ocrx_word' id='word_1_6' title='bbox 582 275 851 341; x_wconf 88' lang='lat' dir='ltr'>pecuniam</span> <span class='ocrx_word' id='word_1_7' title='bbox 874 272 1025 323; x_wconf 92' lang='lat' dir='ltr'>simul</span> <span class='ocrx_word' id='word_1_8' title='bbox 1047 289 1162 321; x_wconf 92' lang='lat' dir='ltr'>cum</span> <span class='ocrx_word' id='word_1_9' title='bbox 1185 271 1366 322; x_wconf 89' lang='lat' dir='ltr'>ceteris</span> <span class='ocrx_word' id='word_1_10' title='bbox 1388 271 1619 321; x_wconf 87' lang='lat' dir='ltr'>conferre</span> <span class='ocrx_word' id='word_1_11' title='bbox 1638 269 1875 320; x_wconf 88' lang='lat' dir='ltr'>noluerat</span> 
     </span>
     <span class='ocr_line' id='line_1_3' title="bbox 229 349 1875 420; baseline -0.003 -16"><span class='ocrx_word' id='word_1_12' title='bbox 229 355 433 405; x_wconf 88' lang='lat' dir='ltr'>florenti</span> <span class='ocrx_word' id='word_1_13' title='bbox 477 355 552 403; x_wconf 91' lang='lat' dir='ltr'>illi</span> <span class='ocrx_word' id='word_1_14' title='bbox 596 355 743 420; x_wconf 85' lang='lat' dir='ltr'>parti,</span> <span class='ocrx_word' id='word_1_15' title='bbox 789 354 986 403; x_wconf 89' lang='lat' dir='ltr'>abiecto</span> <span class='ocrx_word' id='word_1_16' title='bbox 1027 353 1192 401; x_wconf 88' lang='lat' dir='ltr'>Bruto</span> <span class='ocrx_word' id='word_1_17' title='bbox 1233 352 1488 416; x_wconf 76' lang='lat' dir='ltr'>Italiaque</span> <span class='ocrx_word' id='word_1_18' title='bbox 1530 350 1734 400; x_wconf 76' lang='lat' dir='ltr'>cedenti</span> <span class='ocrx_word' id='word_1_19' title='bbox 1777 349 1875 400; x_wconf 79' lang='lat' dir='ltr'>HS</span> 
     </span>
     <span class='ocr_line' id='line_1_4' title="bbox 229 430 1876 497; baseline -0.004 -13"><span class='ocrx_word' id='word_1_20' title='bbox 229 444 437 484; x_wconf 87' lang='lat' dir='ltr'>centum</span> <span class='ocrx_word' id='word_1_21' title='bbox 475 434 616 483; x_wconf 91' lang='lat' dir='ltr'>milia</span> <span class='ocrx_word' id='word_1_22' title='bbox 653 435 854 482; x_wconf 88' lang='lat' dir='ltr'>muneri</span> <span class='ocrx_word' id='word_1_23' title='bbox 892 434 1046 493; x_wconf 90' lang='lat' dir='ltr'>misit,</span> <span class='ocrx_word' id='word_1_24' title='bbox 1077 432 1245 482; x_wconf 92' lang='lat' dir='ltr'>eidem</span> <span class='ocrx_word' id='word_1_25' title='bbox 1282 432 1336 480; x_wconf 91' lang='lat' dir='ltr'>in</span> <span class='ocrx_word' id='word_1_26' title='bbox 1373 431 1531 497; x_wconf 83' lang='lat' dir='ltr'>Epiro</span> <span class='ocrx_word' id='word_1_27' title='bbox 1556 430 1740 479; x_wconf 84' lang='lat' dir='ltr'>absens</span> <span class='ocrx_word' id='word_1_28' title='bbox 1778 436 1876 479; x_wconf 87' lang='lat' dir='ltr'>tre-</span> 
     </span>
     <span class='ocr_line' id='line_1_5' title="bbox 227 510 1877 579; baseline -0.002 -16"><span class='ocrx_word' id='word_1_29' title='bbox 227 523 378 564; x_wconf 89' lang='lat' dir='ltr'>centa</span> <span class='ocrx_word' id='word_1_30' title='bbox 418 515 566 564; x_wconf 91' lang='lat' dir='ltr'>iussit</span> <span class='ocrx_word' id='word_1_31' title='bbox 607 513 730 574; x_wconf 87' lang='lat' dir='ltr'>dari,</span> <span class='ocrx_word' id='word_1_32' title='bbox 762 530 927 578; x_wconf 91' lang='lat' dir='ltr'>neque</span> <span class='ocrx_word' id='word_1_33' title='bbox 971 530 1030 562; x_wconf 92' lang='lat' dir='ltr'>eo</span> <span class='ocrx_word' id='word_1_34' title='bbox 1070 513 1232 579; x_wconf 91' lang='lat' dir='ltr'>magis</span> <span class='ocrx_word' id='word_1_35' title='bbox 1272 511 1475 578; x_wconf 92' lang='lat' dir='ltr'>potenti</span> <span class='ocrx_word' id='word_1_36' title='bbox 1514 510 1757 560; x_wconf 76' lang='lat' dir='ltr'>adulatus</span> <span class='ocrx_word' id='word_1_37' title='bbox 1798 517 1877 559; x_wconf 91' lang='lat' dir='ltr'>est</span> 
     </span>
     <span class='ocr_line' id='line_1_6' title="bbox 231 592 1230 660; baseline -0.004 -16"><span class='ocrx_word' id='word_1_38' title='bbox 231 596 462 645; x_wconf 84' lang='lat' dir='ltr'>Antonio</span> <span class='ocrx_word' id='word_1_39' title='bbox 488 611 654 660; x_wconf 87' lang='lat' dir='ltr'>neque</span> <span class='ocrx_word' id='word_1_40' title='bbox 682 594 978 660; x_wconf 90' lang='lat' dir='ltr'>desperatos</span> <span class='ocrx_word' id='word_1_41' title='bbox 1004 592 1230 657; x_wconf 87' lang='lat' dir='ltr'>reliquit.</span> 
     </span>
    </p>

    <p class='ocr_par' dir='ltr' id='par_1_3' title="bbox 228 668 1881 2024">
     <span class='ocr_line' id='line_1_7' title="bbox 301 668 1876 739; baseline -0.005 -13"><span class='ocrx_word' id='word_1_42' title='bbox 301 676 344 726; x_wconf 88' lang='lat'>9.</span> <span class='ocrx_word' id='word_1_43' title='bbox 389 676 634 725; x_wconf 82' lang='lat' dir='ltr'>Secutum</span> <span class='ocrx_word' id='word_1_44' title='bbox 677 682 754 724; x_wconf 90' lang='lat' dir='ltr'>est</span> <span class='ocrx_word' id='word_1_45' title='bbox 797 673 991 723; x_wconf 91' lang='lat' dir='ltr'>bellum</span> <span class='ocrx_word' id='word_1_46' title='bbox 1030 680 1235 739; x_wconf 91' lang='lat' dir='ltr'>gestum</span> <span class='ocrx_word' id='word_1_47' title='bbox 1275 670 1413 737; x_wconf 91' lang='lat' dir='ltr'>apud</span> <span class='ocrx_word' id='word_1_48' title='bbox 1457 671 1730 720; x_wconf 85' lang='lat' dir='ltr'>Mutinam.</span> <span class='ocrx_word' id='word_1_49' title='bbox 1814 668 1876 718; x_wconf 92' lang='lat' dir='ltr'>In</span> 
     </span>
     <span class='ocr_line' id='line_1_8' title="bbox 228 751 1877 821; baseline -0.003 -18"><span class='ocrx_word' id='word_1_50' title='bbox 228 773 333 821; x_wconf 90' lang='lat' dir='ltr'>quo</span> <span class='ocrx_word' id='word_1_51' title='bbox 383 757 422 804; x_wconf 93' lang='lat' dir='ltr'>si</span> <span class='ocrx_word' id='word_1_52' title='bbox 474 764 679 804; x_wconf 85' lang='lat' dir='ltr'>tantum</span> <span class='ocrx_word' id='word_1_53' title='bbox 731 772 847 803; x_wconf 90' lang='lat' dir='ltr'>eum</span> <span class='ocrx_word' id='word_1_54' title='bbox 896 753 1207 819; x_wconf 83' lang='lat' dir='ltr'>prudentem</span> <span class='ocrx_word' id='word_1_55' title='bbox 1256 752 1437 813; x_wconf 88' lang='lat' dir='ltr'>dicam,</span> <span class='ocrx_word' id='word_1_56' title='bbox 1490 751 1673 811; x_wconf 89' lang='lat' dir='ltr'>minus,</span> <span class='ocrx_word' id='word_1_57' title='bbox 1722 767 1877 816; x_wconf 90' lang='lat' dir='ltr'>quam</span> 
     </span>
     <span class='ocr_line' id='line_1_9' title="bbox 230 829 1877 900; baseline -0.003 -17"><span class='ocrx_word' id='word_1_58' title='bbox 230 834 457 895; x_wconf 80' lang='lat' dir='ltr'>debeam,</span> <span class='ocrx_word' id='word_1_59' title='bbox 506 834 809 900; x_wconf 80' lang='lat' dir='ltr'>praedicem,</span> <span class='ocrx_word' id='word_1_60' title='bbox 858 851 974 882; x_wconf 92' lang='lat' dir='ltr'>cum</span> <span class='ocrx_word' id='word_1_61' title='bbox 1018 833 1103 882; x_wconf 95' lang='lat' dir='ltr'>ille</span> <span class='ocrx_word' id='word_1_62' title='bbox 1147 832 1320 898; x_wconf 88' lang='lat' dir='ltr'>potius</span> <span class='ocrx_word' id='word_1_63' title='bbox 1364 831 1572 880; x_wconf 82' lang='lat' dir='ltr'>divinus</span> <span class='ocrx_word' id='word_1_64' title='bbox 1615 830 1787 891; x_wconf 88' lang='lat' dir='ltr'>fuerit,</span> <span class='ocrx_word' id='word_1_65' title='bbox 1836 829 1877 879; x_wconf 90' lang='lat' dir='ltr'>si</span> 
     </span>
     <span class='ocr_line' id='line_1_10' title="bbox 228 911 1877 980; baseline -0.003 -17"><span class='ocrx_word' id='word_1_66' title='bbox 228 915 484 964; x_wconf 69' lang='lat' dir='ltr'>divinatio</span> <span class='ocrx_word' id='word_1_67' title='bbox 511 914 817 980; x_wconf 87' lang='lat' dir='ltr'>appellanda</span> <span class='ocrx_word' id='word_1_68' title='bbox 844 921 922 963; x_wconf 90' lang='lat' dir='ltr'>est</span> <span class='ocrx_word' id='word_1_69' title='bbox 947 920 1197 979; x_wconf 88' lang='lat' dir='ltr'>perpetua</span> <span class='ocrx_word' id='word_1_70' title='bbox 1224 911 1473 961; x_wconf 89' lang='lat' dir='ltr'>naturalis</span> <span class='ocrx_word' id='word_1_71' title='bbox 1499 911 1716 970; x_wconf 85' lang='lat' dir='ltr'>bonitas,</span> <span class='ocrx_word' id='word_1_72' title='bbox 1747 926 1877 975; x_wconf 87' lang='lat' dir='ltr'>quae</span> 
     </span>
     <span class='ocr_line' id='line_1_11' title="bbox 232 990 1878 1062; baseline -0.004 -18"><span class='ocrx_word' id='word_1_73' title='bbox 232 995 385 1044; x_wconf 87' lang='lat' dir='ltr'>nullis</span> <span class='ocrx_word' id='word_1_74' title='bbox 425 995 623 1044; x_wconf 84' lang='lat' dir='ltr'>casibus</span> <span class='ocrx_word' id='word_1_75' title='bbox 661 996 834 1062; x_wconf 90' lang='lat' dir='ltr'>agitur</span> <span class='ocrx_word' id='word_1_76' title='bbox 864 1011 1030 1059; x_wconf 92' lang='lat' dir='ltr'>neque</span> <span class='ocrx_word' id='word_1_77' title='bbox 1065 993 1331 1042; x_wconf 89' lang='lat' dir='ltr'>minuitur.</span> <span class='ocrx_word' id='word_1_78' title='bbox 1409 991 1589 1041; x_wconf 91' lang='lat' dir='ltr'>Hostis</span> <span class='ocrx_word' id='word_1_79' title='bbox 1616 990 1878 1039; x_wconf 87' lang='lat' dir='ltr'>Antonius</span> 
     </span>
     <span class='ocr_line' id='line_1_12' title="bbox 230 1070 1873 1139; baseline -0.003 -15"><span class='ocrx_word' id='word_1_80' title='bbox 230 1075 487 1124; x_wconf 87' lang='lat' dir='ltr'>iudicatus</span> <span class='ocrx_word' id='word_1_81' title='bbox 539 1075 691 1124; x_wconf 87' lang='lat' dir='ltr'>Italia</span> <span class='ocrx_word' id='word_1_82' title='bbox 741 1081 985 1136; x_wconf 69' lang='lat' dir='ltr'>cesserat,</span> <span class='ocrx_word' id='word_1_83' title='bbox 1042 1090 1155 1139; x_wconf 88' lang='lat' dir='ltr'>spes</span> <span class='ocrx_word' id='word_1_84' title='bbox 1205 1071 1515 1122; x_wconf 90' lang='lat' dir='ltr'>restituendi</span> <span class='ocrx_word' id='word_1_85' title='bbox 1564 1070 1707 1120; x_wconf 90' lang='lat' dir='ltr'>nulla</span> <span class='ocrx_word' id='word_1_86' title='bbox 1751 1078 1873 1120; x_wconf 89' lang='lat' dir='ltr'>erat.</span> 
     </span>
     <span class='ocr_line' id='line_1_13' title="bbox 233 1150 1874 1220; baseline -0.004 -15"><span class='ocrx_word' id='word_1_87' title='bbox 233 1155 352 1204; x_wconf 73' lang='lat' dir='ltr'>Non</span> <span class='ocrx_word' id='word_1_88' title='bbox 374 1156 538 1205; x_wconf 88' lang='lat' dir='ltr'>solum</span> <span class='ocrx_word' id='word_1_89' title='bbox 558 1156 766 1215; x_wconf 88' lang='lat' dir='ltr'>inimici,</span> <span class='ocrx_word' id='word_1_90' title='bbox 792 1155 881 1220; x_wconf 91' lang='lat' dir='ltr'>qui</span> <span class='ocrx_word' id='word_1_91' title='bbox 902 1163 1015 1204; x_wconf 92' lang='lat' dir='ltr'>tum</span> <span class='ocrx_word' id='word_1_92' title='bbox 1037 1160 1184 1203; x_wconf 89' lang='lat' dir='ltr'>erant</span> <span class='ocrx_word' id='word_1_93' title='bbox 1204 1152 1552 1218; x_wconf 86' lang='lat' dir='ltr'>potentissimi</span> <span class='ocrx_word' id='word_1_94' title='bbox 1574 1158 1626 1201; x_wconf 90' lang='lat' dir='ltr'>et</span> <span class='ocrx_word' id='word_1_95' title='bbox 1651 1150 1874 1217; x_wconf 87' lang='lat' dir='ltr'>plurimi,</span> 
     </span>
     <span class='ocr_line' id='line_1_14' title="bbox 231 1231 1879 1300; baseline -0.004 -15"><span class='ocrx_word' id='word_1_96' title='bbox 231 1236 322 1285; x_wconf 86' lang='lat' dir='ltr'>scd</span> <span class='ocrx_word' id='word_1_97' title='bbox 361 1236 528 1297; x_wconf 89' lang='lat' dir='ltr'>etiam,</span> <span class='ocrx_word' id='word_1_98' title='bbox 560 1236 648 1300; x_wconf 90' lang='lat' dir='ltr'>qui</span> <span class='ocrx_word' id='word_1_99' title='bbox 687 1235 993 1284; x_wconf 73' lang='lat' dir='ltr'>adversariis</span> <span class='ocrx_word' id='word_1_100' title='bbox 1033 1234 1141 1283; x_wconf 89' lang='lat' dir='ltr'>eius</span> <span class='ocrx_word' id='word_1_101' title='bbox 1180 1250 1232 1282; x_wconf 91' lang='lat' dir='ltr'>se</span> <span class='ocrx_word' id='word_1_102' title='bbox 1270 1232 1466 1281; x_wconf 89' lang='lat' dir='ltr'>dabant</span> <span class='ocrx_word' id='word_1_103' title='bbox 1505 1239 1557 1281; x_wconf 95' lang='lat' dir='ltr'>et</span> <span class='ocrx_word' id='word_1_104' title='bbox 1594 1231 1649 1280; x_wconf 94' lang='lat' dir='ltr'>in</span> <span class='ocrx_word' id='word_1_105' title='bbox 1686 1248 1746 1281; x_wconf 92' lang='lat' dir='ltr'>eo</span> <span class='ocrx_word' id='word_1_106' title='bbox 1783 1231 1879 1280; x_wconf 87' lang='lat' dir='ltr'>lae-</span> 
     </span>
     <span class='ocr_line' id='line_1_15' title="bbox 230 1311 1874 1381; baseline -0.003 -16"><span class='ocrx_word' id='word_1_107' title='bbox 230 1316 402 1366; x_wconf 86' lang='lat' dir='ltr'>dendo</span> <span class='ocrx_word' id='word_1_108' title='bbox 442 1316 667 1381; x_wconf 85' lang='lat' dir='ltr'>aliquam</span> <span class='ocrx_word' id='word_1_109' title='bbox 713 1322 1075 1365; x_wconf 86' lang='lat' dir='ltr'>consecuturos</span> <span class='ocrx_word' id='word_1_110' title='bbox 1120 1313 1397 1379; x_wconf 81' lang='lat' dir='ltr'>sperabant</span> <span class='ocrx_word' id='word_1_111' title='bbox 1441 1311 1874 1372; x_wconf 86' lang='lat' dir='ltr'>commoditatem,</span> 
     </span>
     <span class='ocr_line' id='line_1_16' title="bbox 233 1392 1880 1460; baseline -0.003 -15"><span class='ocrx_word' id='word_1_112' title='bbox 233 1397 449 1446; x_wconf 87' lang='lat' dir='ltr'>Antonii</span> <span class='ocrx_word' id='word_1_113' title='bbox 489 1396 767 1446; x_wconf 80' lang='lat' dir='ltr'>familiares</span> <span class='ocrx_word' id='word_1_114' title='bbox 805 1395 1223 1460; x_wconf 88' lang='lat' dir='ltr'>insequebantur,</span> <span class='ocrx_word' id='word_1_115' title='bbox 1254 1410 1471 1443; x_wconf 88' lang='lat' dir='ltr'>uxorem</span> <span class='ocrx_word' id='word_1_116' title='bbox 1509 1392 1747 1441; x_wconf 87' lang='lat' dir='ltr'>Fulviam</span> <span class='ocrx_word' id='word_1_117' title='bbox 1778 1409 1880 1441; x_wconf 94' lang='lat' dir='ltr'>om-</span> 
     </span>
     <span class='ocr_line' id='line_1_17' title="bbox 232 1473 1879 1542; baseline -0.002 -17"><span class='ocrx_word' id='word_1_118' title='bbox 232 1478 383 1525; x_wconf 90' lang='lat' dir='ltr'>nibus</span> <span class='ocrx_word' id='word_1_119' title='bbox 410 1477 562 1526; x_wconf 88' lang='lat' dir='ltr'>rebus</span> <span class='ocrx_word' id='word_1_120' title='bbox 589 1477 805 1542; x_wconf 87' lang='lat' dir='ltr'>spoliare</span> <span class='ocrx_word' id='word_1_121' title='bbox 834 1476 1122 1542; x_wconf 89' lang='lat' dir='ltr'>cupiebant,</span> <span class='ocrx_word' id='word_1_122' title='bbox 1153 1475 1339 1524; x_wconf 92' lang='lat' dir='ltr'>liberos</span> <span class='ocrx_word' id='word_1_123' title='bbox 1367 1474 1523 1524; x_wconf 88' lang='lat' dir='ltr'>etiam</span> <span class='ocrx_word' id='word_1_124' title='bbox 1551 1473 1879 1539; x_wconf 85' lang='lat' dir='ltr'>exstinguere</span> 
     </span>
     <span class='ocr_line' id='line_1_18' title="bbox 232 1553 1879 1623; baseline -0.001 -19"><span class='ocrx_word' id='word_1_125' title='bbox 232 1557 496 1623; x_wconf 84' lang='lat' dir='ltr'>parabant.</span> <span class='ocrx_word' id='word_1_126' title='bbox 587 1557 795 1606; x_wconf 83' lang='lat' dir='ltr'>Atticus</span> <span class='ocrx_word' id='word_1_127' title='bbox 838 1574 952 1605; x_wconf 91' lang='lat' dir='ltr'>cum</span> <span class='ocrx_word' id='word_1_128' title='bbox 999 1555 1258 1606; x_wconf 87' lang='lat' dir='ltr'>Ciceronis</span> <span class='ocrx_word' id='word_1_129' title='bbox 1299 1554 1484 1603; x_wconf 87' lang='lat' dir='ltr'>intima</span> <span class='ocrx_word' id='word_1_130' title='bbox 1527 1553 1879 1603; x_wconf 82' lang='lat' dir='ltr'>familiaritate</span> 
     </span>
     <span class='ocr_line' id='line_1_19' title="bbox 233 1633 1879 1699; baseline -0.001 -14"><span class='ocrx_word' id='word_1_131' title='bbox 233 1646 479 1699; x_wconf 86' lang='lat' dir='ltr'>uteretur,</span> <span class='ocrx_word' id='word_1_132' title='bbox 522 1638 858 1686; x_wconf 87' lang='lat' dir='ltr'>amicissimus</span> <span class='ocrx_word' id='word_1_133' title='bbox 900 1643 1033 1686; x_wconf 91' lang='lat' dir='ltr'>esset</span> <span class='ocrx_word' id='word_1_134' title='bbox 1074 1636 1250 1696; x_wconf 87' lang='lat' dir='ltr'>Bruto,</span> <span class='ocrx_word' id='word_1_135' title='bbox 1293 1653 1396 1685; x_wconf 90' lang='lat' dir='ltr'>non</span> <span class='ocrx_word' id='word_1_136' title='bbox 1436 1633 1590 1684; x_wconf 91' lang='lat' dir='ltr'>modo</span> <span class='ocrx_word' id='word_1_137' title='bbox 1631 1633 1759 1682; x_wconf 91' lang='lat' dir='ltr'>nihil</span> <span class='ocrx_word' id='word_1_138' title='bbox 1800 1633 1879 1683; x_wconf 93' lang='lat' dir='ltr'>his</span> 
     </span>
     <span class='ocr_line' id='line_1_20' title="bbox 232 1713 1881 1777; baseline -0.002 -11"><span class='ocrx_word' id='word_1_139' title='bbox 232 1718 448 1767; x_wconf 83' lang='lat' dir='ltr'>indulsit</span> <span class='ocrx_word' id='word_1_140' title='bbox 497 1718 561 1767; x_wconf 88' lang='lat' dir='ltr'>ad</span> <span class='ocrx_word' id='word_1_141' title='bbox 606 1718 896 1767; x_wconf 90' lang='lat' dir='ltr'>Antonium</span> <span class='ocrx_word' id='word_1_142' title='bbox 940 1716 1252 1777; x_wconf 78' lang='lat' dir='ltr'>violandum,</span> <span class='ocrx_word' id='word_1_143' title='bbox 1301 1716 1390 1765; x_wconf 88' lang='lat' dir='ltr'>sed</span> <span class='ocrx_word' id='word_1_144' title='bbox 1435 1733 1461 1765; x_wconf 91' lang='lat' dir='ltr'>e</span> <span class='ocrx_word' id='word_1_145' title='bbox 1505 1714 1762 1765; x_wconf 86' lang='lat' dir='ltr'>contrario</span> <span class='ocrx_word' id='word_1_146' title='bbox 1811 1713 1881 1763; x_wconf 88' lang='lat' dir='ltr'>fa-</span> 
     </span>
     <span class='ocr_line' id='line_1_21' title="bbox 233 1794 1875 1863; baseline -0.002 -16"><span class='ocrx_word' id='word_1_147' title='bbox 233 1798 455 1847; x_wconf 84' lang='lat' dir='ltr'>miliares</span> <span class='ocrx_word' id='word_1_148' title='bbox 506 1799 613 1848; x_wconf 91' lang='lat' dir='ltr'>eius</span> <span class='ocrx_word' id='word_1_149' title='bbox 664 1816 727 1847; x_wconf 85' lang='lat' dir='ltr'>ex</span> <span class='ocrx_word' id='word_1_150' title='bbox 777 1798 904 1847; x_wconf 88' lang='lat' dir='ltr'>urbe</span> <span class='ocrx_word' id='word_1_151' title='bbox 962 1797 1330 1863; x_wconf 83' lang='lat' dir='ltr'>profugientes,</span> <span class='ocrx_word' id='word_1_152' title='bbox 1385 1801 1640 1861; x_wconf 89' lang='lat' dir='ltr'>quantum</span> <span class='ocrx_word' id='word_1_153' title='bbox 1690 1794 1875 1860; x_wconf 91' lang='lat' dir='ltr'>potuit,</span> 
     </span>
     <span class='ocr_line' id='line_1_22' title="bbox 233 1874 1880 1944; baseline -0.002 -17"><span class='ocrx_word' id='word_1_154' title='bbox 233 1879 380 1939; x_wconf 78' lang='lat' dir='ltr'>texit,</span> <span class='ocrx_word' id='word_1_155' title='bbox 406 1879 592 1944; x_wconf 88' lang='lat' dir='ltr'>quibus</span> <span class='ocrx_word' id='word_1_156' title='bbox 621 1879 772 1927; x_wconf 85' lang='lat' dir='ltr'>rebus</span> <span class='ocrx_word' id='word_1_157' title='bbox 800 1878 1151 1944; x_wconf 83' lang='lat' dir='ltr'>indiguerunt,</span> <span class='ocrx_word' id='word_1_158' title='bbox 1176 1876 1391 1926; x_wconf 85' lang='lat' dir='ltr'>adiuvit.</span> <span class='ocrx_word' id='word_1_159' title='bbox 1448 1876 1503 1925; x_wconf 90' lang='lat' dir='ltr'>P.</span> <span class='ocrx_word' id='word_1_160' title='bbox 1529 1892 1650 1925; x_wconf 89' lang='lat' dir='ltr'>vero</span> <span class='ocrx_word' id='word_1_161' title='bbox 1671 1874 1880 1925; x_wconf 91' lang='lat' dir='ltr'>Volum-</span> 
     </span>
     <span class='ocr_line' id='line_1_23' title="bbox 233 1956 1875 2024; baseline -0.002 -17"><span class='ocrx_word' id='word_1_162' title='bbox 233 1959 319 2008; x_wconf 89' lang='lat' dir='ltr'>nio</span> <span class='ocrx_word' id='word_1_163' title='bbox 340 1976 397 2008; x_wconf 89' lang='lat' dir='ltr'>ea</span> <span class='ocrx_word' id='word_1_164' title='bbox 422 1959 618 2019; x_wconf 87' lang='lat' dir='ltr'>tribuit,</span> <span class='ocrx_word' id='word_1_165' title='bbox 643 1966 703 2007; x_wconf 94' lang='lat' dir='ltr'>ut</span> <span class='ocrx_word' id='word_1_166' title='bbox 730 1958 877 2024; x_wconf 86' lang='lat' dir='ltr'>plura</span> <span class='ocrx_word' id='word_1_167' title='bbox 898 1976 927 2006; x_wconf 91' lang='lat' dir='ltr'>a</span> <span class='ocrx_word' id='word_1_168' title='bbox 954 1965 1165 2024; x_wconf 86' lang='lat' dir='ltr'>parente</span> <span class='ocrx_word' id='word_1_169' title='bbox 1192 1957 1441 2023; x_wconf 89' lang='lat' dir='ltr'>proficisci</span> <span class='ocrx_word' id='word_1_170' title='bbox 1468 1973 1570 2005; x_wconf 92' lang='lat' dir='ltr'>non</span> <span class='ocrx_word' id='word_1_171' title='bbox 1596 1956 1875 2022; x_wconf 88' lang='lat' dir='ltr'>potuerint.</span> 
     </span>
    </p>

    <p class='ocr_par' dir='ltr' id='par_1_4' title="bbox 232 2036 1880 2987">
     <span class='ocr_line' id='line_1_24' title="bbox 305 2036 1880 2105; baseline -0.003 -17"><span class='ocrx_word' id='word_1_172' title='bbox 305 2039 407 2105; x_wconf 88' lang='lat' dir='ltr'>Ipsi</span> <span class='ocrx_word' id='word_1_173' title='bbox 446 2048 618 2088; x_wconf 85' lang='lat' dir='ltr'>autem</span> <span class='ocrx_word' id='word_1_174' title='bbox 656 2039 883 2098; x_wconf 80' lang='lat' dir='ltr'>Fulviae,</span> <span class='ocrx_word' id='word_1_175' title='bbox 921 2055 1036 2087; x_wconf 90' lang='lat' dir='ltr'>cum</span> <span class='ocrx_word' id='word_1_176' title='bbox 1075 2038 1253 2087; x_wconf 90' lang='lat' dir='ltr'>litibus</span> <span class='ocrx_word' id='word_1_177' title='bbox 1291 2037 1629 2087; x_wconf 87' lang='lat' dir='ltr'>distineretur</span> <span class='ocrx_word' id='word_1_178' title='bbox 1662 2036 1880 2103; x_wconf 89' lang='lat' dir='ltr'>magnis-</span> 
     </span>
     <span class='ocr_line' id='line_1_25' title="bbox 232 2117 1879 2184; baseline -0.001 -17"><span class='ocrx_word' id='word_1_179' title='bbox 232 2136 333 2184; x_wconf 90' lang='lat' dir='ltr'>que</span> <span class='ocrx_word' id='word_1_180' title='bbox 368 2119 649 2168; x_wconf 88' lang='lat' dir='ltr'>terroribus</span> <span class='ocrx_word' id='word_1_181' title='bbox 677 2127 966 2179; x_wconf 82' lang='lat' dir='ltr'>vexaretur,</span> <span class='ocrx_word' id='word_1_182' title='bbox 998 2125 1144 2167; x_wconf 89' lang='lat' dir='ltr'>tanta</span> <span class='ocrx_word' id='word_1_183' title='bbox 1176 2117 1447 2184; x_wconf 89' lang='lat' dir='ltr'>diligentia</span> <span class='ocrx_word' id='word_1_184' title='bbox 1478 2117 1698 2166; x_wconf 88' lang='lat' dir='ltr'>officium</span> <span class='ocrx_word' id='word_1_185' title='bbox 1729 2133 1879 2165; x_wconf 90' lang='lat' dir='ltr'>suum</span> 
     </span>
     <span class='ocr_line' id='line_1_26' title="bbox 234 2196 1875 2265; baseline -0.001 -17"><span class='ocrx_word' id='word_1_186' title='bbox 234 2200 506 2265; x_wconf 84' lang='lat' dir='ltr'>praestitit,</span> <span class='ocrx_word' id='word_1_187' title='bbox 531 2206 591 2248; x_wconf 91' lang='lat' dir='ltr'>ut</span> <span class='ocrx_word' id='word_1_188' title='bbox 618 2199 817 2248; x_wconf 91' lang='lat' dir='ltr'>nullum</span> <span class='ocrx_word' id='word_1_189' title='bbox 845 2199 933 2248; x_wconf 90' lang='lat' dir='ltr'>illa</span> <span class='ocrx_word' id='word_1_190' title='bbox 960 2199 1154 2248; x_wconf 90' lang='lat' dir='ltr'>stiterit</span> <span class='ocrx_word' id='word_1_191' title='bbox 1175 2198 1526 2248; x_wconf 83' lang='lat' dir='ltr'>vadimonium</span> <span class='ocrx_word' id='word_1_192' title='bbox 1554 2197 1662 2246; x_wconf 91' lang='lat' dir='ltr'>sine</span> <span class='ocrx_word' id='word_1_193' title='bbox 1683 2196 1875 2258; x_wconf 87' lang='lat' dir='ltr'>Attico,</span> 
     </span>
     <span class='ocr_line' id='line_1_27' title="bbox 234 2278 1878 2345; baseline -0.002 -17"><span class='ocrx_word' id='word_1_194' title='bbox 234 2280 441 2329; x_wconf 86' lang='lat' dir='ltr'>Atticus</span> <span class='ocrx_word' id='word_1_195' title='bbox 469 2297 682 2345; x_wconf 85' lang='lat' dir='ltr'>sponsor</span> <span class='ocrx_word' id='word_1_196' title='bbox 708 2280 938 2329; x_wconf 90' lang='lat' dir='ltr'>omnium</span> <span class='ocrx_word' id='word_1_197' title='bbox 965 2297 1137 2329; x_wconf 85' lang='lat' dir='ltr'>rerum</span> <span class='ocrx_word' id='word_1_198' title='bbox 1164 2279 1334 2328; x_wconf 87' lang='lat' dir='ltr'>fuerit.</span> <span class='ocrx_word' id='word_1_199' title='bbox 1401 2278 1535 2340; x_wconf 87' lang='lat' dir='ltr'>Quin</span> <span class='ocrx_word' id='word_1_200' title='bbox 1563 2278 1732 2338; x_wconf 91' lang='lat' dir='ltr'>etiam,</span> <span class='ocrx_word' id='word_1_201' title='bbox 1763 2295 1878 2326; x_wconf 89' lang='lat' dir='ltr'>cum</span> 
     </span>
     <span class='ocr_line' id='line_1_28' title="bbox 233 2358 1880 2423; baseline -0.001 -15"><span class='ocrx_word' id='word_1_202' title='bbox 233 2359 321 2408; x_wconf 88' lang='lat' dir='ltr'>illa</span> <span class='ocrx_word' id='word_1_203' title='bbox 347 2359 567 2408; x_wconf 87' lang='lat' dir='ltr'>fundum</span> <span class='ocrx_word' id='word_1_204' title='bbox 595 2360 817 2409; x_wconf 86' lang='lat' dir='ltr'>secunda</span> <span class='ocrx_word' id='word_1_205' title='bbox 843 2360 1053 2409; x_wconf 87' lang='lat' dir='ltr'>fortuna</span> <span class='ocrx_word' id='word_1_206' title='bbox 1080 2361 1287 2409; x_wconf 90' lang='lat' dir='ltr'>emisset</span> <span class='ocrx_word' id='word_1_207' title='bbox 1324 2359 1376 2408; x_wconf 91' lang='lat' dir='ltr'>in</span> <span class='ocrx_word' id='word_1_208' title='bbox 1403 2358 1540 2407; x_wconf 91' lang='lat' dir='ltr'>diem</span> <span class='ocrx_word' id='word_1_209' title='bbox 1566 2374 1732 2422; x_wconf 89' lang='lat' dir='ltr'>neque</span> <span class='ocrx_word' id='word_1_210' title='bbox 1763 2365 1880 2423; x_wconf 92' lang='lat' dir='ltr'>post</span> 
     </span>
     <span class='ocr_line' id='line_1_29' title="bbox 233 2437 1880 2506; baseline -0.002 -17"><span class='ocrx_word' id='word_1_211' title='bbox 233 2440 579 2489; x_wconf 84' lang='lat' dir='ltr'>calamitatem</span> <span class='ocrx_word' id='word_1_212' title='bbox 600 2458 862 2490; x_wconf 85' lang='lat' dir='ltr'>versuram</span> <span class='ocrx_word' id='word_1_213' title='bbox 891 2441 1055 2490; x_wconf 86' lang='lat' dir='ltr'>facere</span> <span class='ocrx_word' id='word_1_214' title='bbox 1084 2440 1349 2506; x_wconf 87' lang='lat' dir='ltr'>potuisset,</span> <span class='ocrx_word' id='word_1_215' title='bbox 1379 2438 1465 2488; x_wconf 92' lang='lat' dir='ltr'>ille</span> <span class='ocrx_word' id='word_1_216' title='bbox 1491 2455 1543 2487; x_wconf 89' lang='lat' dir='ltr'>se</span> <span class='ocrx_word' id='word_1_217' title='bbox 1569 2437 1880 2503; x_wconf 88' lang='lat' dir='ltr'>interposuit</span> 
     </span>
     <span class='ocr_line' id='line_1_30' title="bbox 234 2518 1880 2586; baseline -0.002 -16"><span class='ocrx_word' id='word_1_218' title='bbox 234 2521 606 2586; x_wconf 84' lang='lat' dir='ltr'>pecuniamque</span> <span class='ocrx_word' id='word_1_219' title='bbox 647 2522 754 2571; x_wconf 89' lang='lat' dir='ltr'>sine</span> <span class='ocrx_word' id='word_1_220' title='bbox 793 2522 999 2571; x_wconf 84' lang='lat' dir='ltr'>faenore</span> <span class='ocrx_word' id='word_1_221' title='bbox 1037 2522 1248 2586; x_wconf 88' lang='lat' dir='ltr'>sineque</span> <span class='ocrx_word' id='word_1_222' title='bbox 1279 2520 1384 2569; x_wconf 90' lang='lat' dir='ltr'>ulla</span> <span class='ocrx_word' id='word_1_223' title='bbox 1421 2518 1754 2585; x_wconf 87' lang='lat' dir='ltr'>stipulatione</span> <span class='ocrx_word' id='word_1_224' title='bbox 1781 2535 1880 2568; x_wconf 87' lang='lat' dir='ltr'>cre-</span> 
     </span>
     <span class='ocr_line' id='line_1_31' title="bbox 232 2600 1879 2666; baseline -0.001 -17"><span class='ocrx_word' id='word_1_225' title='bbox 232 2600 383 2661; x_wconf 88' lang='lat' dir='ltr'>didit,</span> <span class='ocrx_word' id='word_1_226' title='bbox 438 2602 720 2650; x_wconf 86' lang='lat' dir='ltr'>maximum</span> <span class='ocrx_word' id='word_1_227' title='bbox 771 2602 1072 2650; x_wconf 82' lang='lat' dir='ltr'>existimans</span> <span class='ocrx_word' id='word_1_228' title='bbox 1122 2609 1393 2666; x_wconf 88' lang='lat' dir='ltr'>quaestum</span> <span class='ocrx_word' id='word_1_229' title='bbox 1444 2616 1722 2648; x_wconf 89' lang='lat' dir='ltr'>memorem</span> <span class='ocrx_word' id='word_1_230' title='bbox 1770 2616 1879 2666; x_wconf 86' lang='lat' dir='ltr'>gra-</span> 
     </span>
     <span class='ocr_line' id='line_1_32' title="bbox 237 2676 1878 2747; baseline -0.002 -17"><span class='ocrx_word' id='word_1_231' title='bbox 237 2689 453 2746; x_wconf 88' lang='lat' dir='ltr'>tumque</span> <span class='ocrx_word' id='word_1_232' title='bbox 485 2681 717 2747; x_wconf 83' lang='lat' dir='ltr'>cognosci</span> <span class='ocrx_word' id='word_1_233' title='bbox 756 2681 1010 2745; x_wconf 85' lang='lat' dir='ltr'>simulque</span> <span class='ocrx_word' id='word_1_234' title='bbox 1040 2680 1238 2746; x_wconf 88' lang='lat' dir='ltr'>aperire</span> <span class='ocrx_word' id='word_1_235' title='bbox 1276 2697 1328 2729; x_wconf 85' lang='lat' dir='ltr'>se</span> <span class='ocrx_word' id='word_1_236' title='bbox 1366 2696 1469 2728; x_wconf 93' lang='lat' dir='ltr'>non</span> <span class='ocrx_word' id='word_1_237' title='bbox 1507 2678 1759 2738; x_wconf 87' lang='lat' dir='ltr'>fortunae,</span> <span class='ocrx_word' id='word_1_238' title='bbox 1789 2676 1878 2727; x_wconf 92' lang='lat' dir='ltr'>sed</span> 
     </span>
     <span class='ocr_line' id='line_1_33' title="bbox 235 2757 1874 2822; baseline -0.002 -13"><span class='ocrx_word' id='word_1_239' title='bbox 235 2760 528 2810; x_wconf 87' lang='lat' dir='ltr'>hominibus</span> <span class='ocrx_word' id='word_1_240' title='bbox 578 2761 738 2810; x_wconf 86' lang='lat' dir='ltr'>solere</span> <span class='ocrx_word' id='word_1_241' title='bbox 788 2778 895 2810; x_wconf 89' lang='lat' dir='ltr'>esse</span> <span class='ocrx_word' id='word_1_242' title='bbox 944 2761 1179 2810; x_wconf 86' lang='lat' dir='ltr'>amicum.</span> <span class='ocrx_word' id='word_1_243' title='bbox 1280 2759 1421 2822; x_wconf 82' lang='lat' dir='ltr'>Quae</span> <span class='ocrx_word' id='word_1_244' title='bbox 1471 2776 1587 2808; x_wconf 88' lang='lat' dir='ltr'>cum</span> <span class='ocrx_word' id='word_1_245' title='bbox 1643 2757 1874 2818; x_wconf 86' lang='lat' dir='ltr'>faciebat,</span> 
     </span>
     <span class='ocr_line' id='line_1_34' title="bbox 236 2838 1874 2906; baseline -0.002 -17"><span class='ocrx_word' id='word_1_246' title='bbox 236 2859 386 2891; x_wconf 90' lang='lat' dir='ltr'>nemo</span> <span class='ocrx_word' id='word_1_247' title='bbox 437 2856 552 2891; x_wconf 90' lang='lat' dir='ltr'>eum</span> <span class='ocrx_word' id='word_1_248' title='bbox 603 2841 849 2906; x_wconf 88' lang='lat' dir='ltr'>temporis</span> <span class='ocrx_word' id='word_1_249' title='bbox 899 2858 1049 2890; x_wconf 88' lang='lat' dir='ltr'>causa</span> <span class='ocrx_word' id='word_1_250' title='bbox 1098 2840 1262 2890; x_wconf 85' lang='lat' dir='ltr'>facere</span> <span class='ocrx_word' id='word_1_251' title='bbox 1312 2846 1517 2906; x_wconf 87' lang='lat' dir='ltr'>poterat</span> <span class='ocrx_word' id='word_1_252' title='bbox 1566 2838 1874 2890; x_wconf 85' lang='lat' dir='ltr'>existimare.</span> 
     </span>
     <span class='ocr_line' id='line_1_35' title="bbox 236 2920 1879 2987; baseline -0.002 -18"><span class='ocrx_word' id='word_1_253' title='bbox 236 2920 446 2970; x_wconf 80' lang='lat' dir='ltr'>Nemini</span> <span class='ocrx_word' id='word_1_254' title='bbox 489 2921 626 2970; x_wconf 90' lang='lat' dir='ltr'>enim</span> <span class='ocrx_word' id='word_1_255' title='bbox 668 2921 719 2969; x_wconf 92' lang='lat' dir='ltr'>in</span> <span class='ocrx_word' id='word_1_256' title='bbox 763 2921 1058 2987; x_wconf 90' lang='lat' dir='ltr'>opinionem</span> <span class='ocrx_word' id='word_1_257' title='bbox 1097 2920 1339 2970; x_wconf 86' lang='lat' dir='ltr'>veniebat</span> <span class='ocrx_word' id='word_1_258' title='bbox 1376 2920 1665 2970; x_wconf 90' lang='lat' dir='ltr'>Antonium</span> <span class='ocrx_word' id='word_1_259' title='bbox 1707 2934 1879 2969; x_wconf 88' lang='lat' dir='ltr'>rerum</span> 
     </span>
    </p>
   </div>
  </div>
 </body>
</html>
