<?xml version="1.0" encoding="UTF-8"?>
<!DOCTYPE html PUBLIC "-//W3C//DTD XHTML 1.0 Transitional//EN"
    "http://www.w3.org/TR/xhtml1/DTD/xhtml1-transitional.dtd">
<html xmlns="http://www.w3.org/1999/xhtml" xml:lang="en" lang="en">
 <head>
  <title>
</title>
<meta http-equiv="Content-Type" content="text/html;charset=utf-8" />
  <meta name='ocr-system' content='tesseract 3.04.00' />
  <meta name='ocr-capabilities' content='ocr_page ocr_carea ocr_par ocr_line ocrx_word'/>
</head>
<body>
  <div class='ocr_page' id='page_1' title='image "./selectbiographie00nepouoft_0080.png"; bbox 0 0 1971 3101; ppageno 0'>
   <div class='ocr_carea' id='block_1_1' title="bbox 242 120 1289 170">
    <p class='ocr_par' dir='ltr' id='par_1_1' title="bbox 242 120 1289 170">
     <span class='ocr_line' id='line_1_1' title="bbox 242 120 1289 170; baseline -0.006 0"><span class='ocrx_word' id='word_1_1' title='bbox 242 128 298 170; x_wconf 76' lang='lat'>76</span> <span class='ocrx_word' id='word_1_2' title='bbox 824 134 1094 166; x_wconf 74' lang='lat' dir='ltr'>CORNELIUS</span> <span class='ocrx_word' id='word_1_3' title='bbox 1128 120 1289 164; x_wconf 60' lang='lat' dir='ltr'>maros.</span> 
     </span>
    </p>
   </div>
   <div class='ocr_carea' id='block_1_2' title="bbox 238 250 1876 2954">
    <p class='ocr_par' dir='ltr' id='par_1_2' title="bbox 239 250 1873 1118">
     <span class='ocr_line' id='line_1_2' title="bbox 241 250 1872 317; baseline -0.002 -12"><span class='ocrx_word' id='word_1_4' title='bbox 241 274 381 306; x_wconf 84' lang='lat' dir='ltr'>soror</span> <span class='ocrx_word' id='word_1_5' title='bbox 407 255 571 304; x_wconf 82' lang='lat' dir='ltr'>Attici</span> <span class='ocrx_word' id='word_1_6' title='bbox 599 254 652 316; x_wconf 81' lang='lat' dir='ltr'>Q.</span> <span class='ocrx_word' id='word_1_7' title='bbox 686 253 854 303; x_wconf 90' lang='lat' dir='ltr'>Tullio</span> <span class='ocrx_word' id='word_1_8' title='bbox 882 253 1126 312; x_wconf 83' lang='lat' dir='ltr'>Ciceroni,</span> <span class='ocrx_word' id='word_1_9' title='bbox 1151 269 1335 317; x_wconf 89' lang='lat' dir='ltr'>easque</span> <span class='ocrx_word' id='word_1_10' title='bbox 1362 252 1568 317; x_wconf 78' lang='lat' dir='ltr'>nuptias</span> <span class='ocrx_word' id='word_1_11' title='bbox 1595 250 1665 300; x_wconf 90' lang='lat' dir='ltr'>M.</span> <span class='ocrx_word' id='word_1_12' title='bbox 1696 250 1872 302; x_wconf 89' lang='lat' dir='ltr'>Cicero</span> 
     </span>
     <span class='ocr_line' id='line_1_3' title="bbox 240 330 1873 398; baseline -0.002 -14"><span class='ocrx_word' id='word_1_13' title='bbox 240 335 544 395; x_wconf 88' lang='lat' dir='ltr'>conciliarat,</span> <span class='ocrx_word' id='word_1_14' title='bbox 576 351 690 383; x_wconf 89' lang='lat' dir='ltr'>cum</span> <span class='ocrx_word' id='word_1_15' title='bbox 717 351 818 398; x_wconf 91' lang='lat' dir='ltr'>quo</span> <span class='ocrx_word' id='word_1_16' title='bbox 848 351 877 382; x_wconf 87' lang='lat' dir='ltr'>a</span> <span class='ocrx_word' id='word_1_17' title='bbox 904 331 1308 397; x_wconf 78' lang='lat' dir='ltr'>condiscipulatu</span> <span class='ocrx_word' id='word_1_18' title='bbox 1334 330 1542 379; x_wconf 80' lang='lat' dir='ltr'>vivebat</span> <span class='ocrx_word' id='word_1_19' title='bbox 1572 330 1873 380; x_wconf 89' lang='lat' dir='ltr'>coniunctis-</span> 
     </span>
     <span class='ocr_line' id='line_1_4' title="bbox 240 408 1872 476; baseline -0.002 -13"><span class='ocrx_word' id='word_1_20' title='bbox 240 416 377 475; x_wconf 90' lang='lat' dir='ltr'>sime,</span> <span class='ocrx_word' id='word_1_21' title='bbox 425 414 590 464; x_wconf 91' lang='lat' dir='ltr'>multo</span> <span class='ocrx_word' id='word_1_22' title='bbox 639 414 793 463; x_wconf 91' lang='lat' dir='ltr'>etiam</span> <span class='ocrx_word' id='word_1_23' title='bbox 844 412 1143 461; x_wconf 71' lang='lat' dir='ltr'>familiarius</span> <span class='ocrx_word' id='word_1_24' title='bbox 1193 428 1346 476; x_wconf 90' lang='lat' dir='ltr'>quam</span> <span class='ocrx_word' id='word_1_25' title='bbox 1396 427 1512 459; x_wconf 89' lang='lat' dir='ltr'>eum</span> <span class='ocrx_word' id='word_1_26' title='bbox 1563 408 1769 472; x_wconf 84' lang='lat' dir='ltr'>Quinto,</span> <span class='ocrx_word' id='word_1_27' title='bbox 1813 420 1872 460; x_wconf 92' lang='lat' dir='ltr'>ut</span> 
     </span>
     <span class='ocr_line' id='line_1_5' title="bbox 240 489 1871 559; baseline -0.003 -16"><span class='ocrx_word' id='word_1_28' title='bbox 240 495 451 543; x_wconf 73' lang='lat' dir='ltr'>iudicari</span> <span class='ocrx_word' id='word_1_29' title='bbox 502 493 662 559; x_wconf 79' lang='lat' dir='ltr'>possit</span> <span class='ocrx_word' id='word_1_30' title='bbox 718 492 831 558; x_wconf 84' lang='lat' dir='ltr'>plus</span> <span class='ocrx_word' id='word_1_31' title='bbox 889 493 941 540; x_wconf 90' lang='lat' dir='ltr'>in</span> <span class='ocrx_word' id='word_1_32' title='bbox 990 491 1214 540; x_wconf 89' lang='lat' dir='ltr'>amicitia</span> <span class='ocrx_word' id='word_1_33' title='bbox 1263 489 1432 539; x_wconf 84' lang='lat' dir='ltr'>valere</span> <span class='ocrx_word' id='word_1_34' title='bbox 1483 489 1871 539; x_wconf 77' lang='lat' dir='ltr'>similitudinem</span> 
     </span>
     <span class='ocr_line' id='line_1_6' title="bbox 244 568 1867 638; baseline -0.002 -16"><span class='ocrx_word' id='word_1_35' title='bbox 244 586 438 622; x_wconf 81' lang='lat' dir='ltr'>&#39;morum</span> <span class='ocrx_word' id='word_1_36' title='bbox 480 591 633 638; x_wconf 89' lang='lat' dir='ltr'>quam</span> <span class='ocrx_word' id='word_1_37' title='bbox 673 572 986 620; x_wconf 80' lang='lat' dir='ltr'>affinitatem.</span> <span class='ocrx_word' id='word_1_38' title='bbox 1073 569 1334 619; x_wconf 86' lang='lat' dir='ltr'>Utebatur</span> <span class='ocrx_word' id='word_1_39' title='bbox 1373 576 1547 618; x_wconf 86' lang='lat' dir='ltr'>autem</span> <span class='ocrx_word' id='word_1_40' title='bbox 1590 569 1771 618; x_wconf 90' lang='lat' dir='ltr'>intime</span> <span class='ocrx_word' id='word_1_41' title='bbox 1812 568 1867 630; x_wconf 80' lang='lat' dir='ltr'>Q.</span> 
     </span>
     <span class='ocr_line' id='line_1_7' title="bbox 241 648 1871 717; baseline -0.003 -15"><span class='ocrx_word' id='word_1_42' title='bbox 241 653 531 712; x_wconf 87' lang='lat' dir='ltr'>Hortensio,</span> <span class='ocrx_word' id='word_1_43' title='bbox 574 653 660 717; x_wconf 87' lang='lat' dir='ltr'>qui</span> <span class='ocrx_word' id='word_1_44' title='bbox 700 651 777 700; x_wconf 91' lang='lat' dir='ltr'>his</span> <span class='ocrx_word' id='word_1_45' title='bbox 817 650 1132 716; x_wconf 81' lang='lat' dir='ltr'>temporibus</span> <span class='ocrx_word' id='word_1_46' title='bbox 1170 650 1514 715; x_wconf 84' lang='lat' dir='ltr'>principatum</span> <span class='ocrx_word' id='word_1_47' title='bbox 1553 648 1871 713; x_wconf 82' lang='lat' dir='ltr'>eloquentiae</span> 
     </span>
     <span class='ocr_line' id='line_1_8' title="bbox 240 727 1868 797; baseline -0.003 -16"><span class='ocrx_word' id='word_1_48' title='bbox 240 734 460 792; x_wconf 87' lang='lat' dir='ltr'>tenebat,</span> <span class='ocrx_word' id='word_1_49' title='bbox 491 740 549 780; x_wconf 89' lang='lat' dir='ltr'>ut</span> <span class='ocrx_word' id='word_1_50' title='bbox 580 730 807 797; x_wconf 83' lang='lat' dir='ltr'>intellegi</span> <span class='ocrx_word' id='word_1_51' title='bbox 842 748 943 779; x_wconf 87' lang='lat' dir='ltr'>non</span> <span class='ocrx_word' id='word_1_52' title='bbox 975 741 1158 795; x_wconf 88' lang='lat' dir='ltr'>posset,</span> <span class='ocrx_word' id='word_1_53' title='bbox 1187 736 1305 778; x_wconf 91' lang='lat' dir='ltr'>uter</span> <span class='ocrx_word' id='word_1_54' title='bbox 1330 746 1445 778; x_wconf 87' lang='lat' dir='ltr'>eum</span> <span class='ocrx_word' id='word_1_55' title='bbox 1479 729 1593 795; x_wconf 92' lang='lat' dir='ltr'>plus</span> <span class='ocrx_word' id='word_1_56' title='bbox 1619 727 1868 794; x_wconf 84' lang='lat' dir='ltr'>diligeret,</span> 
     </span>
     <span class='ocr_line' id='line_1_9' title="bbox 241 808 1869 875; baseline -0.004 -13"><span class='ocrx_word' id='word_1_57' title='bbox 241 813 416 863; x_wconf 83' lang='lat' dir='ltr'>Cicero</span> <span class='ocrx_word' id='word_1_58' title='bbox 458 830 522 860; x_wconf 88' lang='lat' dir='ltr'>an</span> <span class='ocrx_word' id='word_1_59' title='bbox 574 811 895 870; x_wconf 85' lang='lat' dir='ltr'>Hortensius,</span> <span class='ocrx_word' id='word_1_60' title='bbox 944 818 1009 870; x_wconf 86' lang='lat' dir='ltr'>et,</span> <span class='ocrx_word' id='word_1_61' title='bbox 1056 809 1108 858; x_wconf 91' lang='lat' dir='ltr'>id</span> <span class='ocrx_word' id='word_1_62' title='bbox 1158 808 1296 875; x_wconf 89' lang='lat' dir='ltr'>quod</span> <span class='ocrx_word' id='word_1_63' title='bbox 1346 816 1455 858; x_wconf 90' lang='lat' dir='ltr'>erat</span> <span class='ocrx_word' id='word_1_64' title='bbox 1502 808 1869 868; x_wconf 89' lang='lat' dir='ltr'>difficillimum,</span> 
     </span>
     <span class='ocr_line' id='line_1_10' title="bbox 240 889 1869 956; baseline -0.003 -14"><span class='ocrx_word' id='word_1_65' title='bbox 240 894 498 951; x_wconf 81' lang='lat' dir='ltr'>efficiebat,</span> <span class='ocrx_word' id='word_1_66' title='bbox 536 901 608 953; x_wconf 86' lang='lat' dir='ltr'>ut,</span> <span class='ocrx_word' id='word_1_67' title='bbox 647 892 782 940; x_wconf 88' lang='lat' dir='ltr'>inter</span> <span class='ocrx_word' id='word_1_68' title='bbox 823 908 948 956; x_wconf 87' lang='lat' dir='ltr'>quos</span> <span class='ocrx_word' id='word_1_69' title='bbox 990 897 1163 939; x_wconf 86' lang='lat' dir='ltr'>tantae</span> <span class='ocrx_word' id='word_1_70' title='bbox 1204 889 1369 939; x_wconf 88' lang='lat' dir='ltr'>laudis</span> <span class='ocrx_word' id='word_1_71' title='bbox 1410 896 1542 939; x_wconf 90' lang='lat' dir='ltr'>esset</span> <span class='ocrx_word' id='word_1_72' title='bbox 1581 889 1869 951; x_wconf 89' lang='lat' dir='ltr'>aemulatio,</span> 
     </span>
     <span class='ocr_line' id='line_1_11' title="bbox 239 969 1873 1036; baseline -0.002 -15"><span class='ocrx_word' id='word_1_73' title='bbox 239 973 379 1021; x_wconf 92' lang='lat' dir='ltr'>nulla</span> <span class='ocrx_word' id='word_1_74' title='bbox 422 971 762 1021; x_wconf 84' lang='lat' dir='ltr'>intercederet</span> <span class='ocrx_word' id='word_1_75' title='bbox 803 971 1108 1020; x_wconf 84' lang='lat' dir='ltr'>obtrectatio</span> <span class='ocrx_word' id='word_1_76' title='bbox 1150 977 1383 1036; x_wconf 85' lang='lat' dir='ltr'>essetque</span> <span class='ocrx_word' id='word_1_77' title='bbox 1426 969 1609 1018; x_wconf 90' lang='lat' dir='ltr'>talium</span> <span class='ocrx_word' id='word_1_78' title='bbox 1646 970 1873 1019; x_wconf 81' lang='lat' dir='ltr'>virorum</span> 
     </span>
     <span class='ocr_line' id='line_1_12' title="bbox 240 1053 436 1118; baseline -0.005 -16"><span class='ocrx_word' id='word_1_79' title='bbox 240 1053 436 1118; x_wconf 84' lang='lat' dir='ltr'>copula.</span> 
     </span>
    </p>

    <p class='ocr_par' dir='ltr' id='par_1_3' title="bbox 238 1129 1876 2954">
     <span class='ocr_line' id='line_1_13' title="bbox 308 1129 1873 1197; baseline -0.003 -16"><span class='ocrx_word' id='word_1_80' title='bbox 308 1132 351 1181; x_wconf 87' lang='lat'>6.</span> <span class='ocrx_word' id='word_1_81' title='bbox 396 1133 454 1181; x_wconf 89' lang='lat' dir='ltr'>In</span> <span class='ocrx_word' id='word_1_82' title='bbox 481 1149 533 1181; x_wconf 89' lang='lat' dir='ltr'>re</span> <span class='ocrx_word' id='word_1_83' title='bbox 562 1131 763 1197; x_wconf 88' lang='lat' dir='ltr'>publica</span> <span class='ocrx_word' id='word_1_84' title='bbox 789 1131 862 1180; x_wconf 88' lang='lat' dir='ltr'>ita</span> <span class='ocrx_word' id='word_1_85' title='bbox 888 1138 965 1180; x_wconf 91' lang='lat' dir='ltr'>est</span> <span class='ocrx_word' id='word_1_86' title='bbox 986 1129 1230 1191; x_wconf 83' lang='lat' dir='ltr'>versatus,</span> <span class='ocrx_word' id='word_1_87' title='bbox 1255 1137 1315 1179; x_wconf 87' lang='lat' dir='ltr'>ut</span> <span class='ocrx_word' id='word_1_88' title='bbox 1341 1146 1539 1194; x_wconf 90' lang='lat' dir='ltr'>semper</span> <span class='ocrx_word' id='word_1_89' title='bbox 1564 1129 1873 1194; x_wconf 89' lang='lat' dir='ltr'>optimarum</span> 
     </span>
     <span class='ocr_line' id='line_1_14' title="bbox 238 1207 1874 1278; baseline -0.002 -17"><span class='ocrx_word' id='word_1_90' title='bbox 238 1213 463 1278; x_wconf 88' lang='lat' dir='ltr'>partium</span> <span class='ocrx_word' id='word_1_91' title='bbox 484 1220 534 1261; x_wconf 90' lang='lat' dir='ltr'>et</span> <span class='ocrx_word' id='word_1_92' title='bbox 556 1220 688 1260; x_wconf 90' lang='lat' dir='ltr'>esset</span> <span class='ocrx_word' id='word_1_93' title='bbox 709 1219 760 1260; x_wconf 90' lang='lat' dir='ltr'>et</span> <span class='ocrx_word' id='word_1_94' title='bbox 782 1211 1176 1271; x_wconf 82' lang='lat' dir='ltr'>existimaretur,</span> <span class='ocrx_word' id='word_1_95' title='bbox 1198 1226 1363 1274; x_wconf 91' lang='lat' dir='ltr'>neque</span> <span class='ocrx_word' id='word_1_96' title='bbox 1381 1217 1552 1258; x_wconf 90' lang='lat' dir='ltr'>tamen</span> <span class='ocrx_word' id='word_1_97' title='bbox 1572 1225 1624 1257; x_wconf 87' lang='lat' dir='ltr'>se</span> <span class='ocrx_word' id='word_1_98' title='bbox 1641 1207 1874 1257; x_wconf 84' lang='lat' dir='ltr'>civilibus</span> 
     </span>
     <span class='ocr_line' id='line_1_15' title="bbox 239 1289 1874 1356; baseline -0.003 -15"><span class='ocrx_word' id='word_1_99' title='bbox 239 1293 477 1341; x_wconf 86' lang='lat' dir='ltr'>fluctibus</span> <span class='ocrx_word' id='word_1_100' title='bbox 496 1292 853 1351; x_wconf 88' lang='lat' dir='ltr'>committeret,</span> <span class='ocrx_word' id='word_1_101' title='bbox 875 1290 1013 1356; x_wconf 87' lang='lat' dir='ltr'>quod</span> <span class='ocrx_word' id='word_1_102' title='bbox 1035 1308 1136 1339; x_wconf 90' lang='lat' dir='ltr'>non</span> <span class='ocrx_word' id='word_1_103' title='bbox 1156 1290 1318 1356; x_wconf 85' lang='lat' dir='ltr'>magis</span> <span class='ocrx_word' id='word_1_104' title='bbox 1336 1306 1419 1338; x_wconf 91' lang='lat' dir='ltr'>eos</span> <span class='ocrx_word' id='word_1_105' title='bbox 1440 1289 1492 1337; x_wconf 93' lang='lat' dir='ltr'>in</span> <span class='ocrx_word' id='word_1_106' title='bbox 1513 1305 1603 1337; x_wconf 91' lang='lat' dir='ltr'>sua</span> <span class='ocrx_word' id='word_1_107' title='bbox 1619 1295 1874 1353; x_wconf 87' lang='lat' dir='ltr'>potestate</span> 
     </span>
     <span class='ocr_line' id='line_1_16' title="bbox 239 1368 1874 1436; baseline -0.003 -15"><span class='ocrx_word' id='word_1_108' title='bbox 239 1373 567 1422; x_wconf 84' lang='lat' dir='ltr'>existimabat</span> <span class='ocrx_word' id='word_1_109' title='bbox 590 1390 709 1431; x_wconf 86' lang='lat' dir='ltr'>esse,</span> <span class='ocrx_word' id='word_1_110' title='bbox 737 1372 823 1436; x_wconf 91' lang='lat' dir='ltr'>qui</span> <span class='ocrx_word' id='word_1_111' title='bbox 845 1388 895 1420; x_wconf 91' lang='lat' dir='ltr'>se</span> <span class='ocrx_word' id='word_1_112' title='bbox 918 1371 996 1420; x_wconf 89' lang='lat' dir='ltr'>his</span> <span class='ocrx_word' id='word_1_113' title='bbox 1017 1370 1291 1430; x_wconf 87' lang='lat' dir='ltr'>dedissent,</span> <span class='ocrx_word' id='word_1_114' title='bbox 1317 1386 1470 1434; x_wconf 91' lang='lat' dir='ltr'>quam</span> <span class='ocrx_word' id='word_1_115' title='bbox 1491 1369 1578 1434; x_wconf 92' lang='lat' dir='ltr'>qui</span> <span class='ocrx_word' id='word_1_116' title='bbox 1604 1368 1874 1417; x_wconf 88' lang='lat' dir='ltr'>maritimis</span> 
     </span>
     <span class='ocr_line' id='line_1_17' title="bbox 240 1449 1875 1516; baseline -0.003 -15"><span class='ocrx_word' id='word_1_117' title='bbox 240 1454 565 1502; x_wconf 86' lang='lat' dir='ltr'>ia‹·tarentur.</span> <span class='ocrx_word' id='word_1_118' title='bbox 623 1452 856 1500; x_wconf 83' lang='lat' dir='ltr'>Honores</span> <span class='ocrx_word' id='word_1_119' title='bbox 878 1468 979 1499; x_wconf 89' lang='lat' dir='ltr'>non</span> <span class='ocrx_word' id='word_1_120' title='bbox 1006 1451 1170 1516; x_wconf 89' lang='lat' dir='ltr'>petiit,</span> <span class='ocrx_word' id='word_1_121' title='bbox 1197 1467 1311 1498; x_wconf 89' lang='lat' dir='ltr'>cum</span> <span class='ocrx_word' id='word_1_122' title='bbox 1333 1449 1377 1498; x_wconf 91' lang='lat' dir='ltr'>ei</span> <span class='ocrx_word' id='word_1_123' title='bbox 1404 1455 1641 1514; x_wconf 87' lang='lat' dir='ltr'>paterent</span> <span class='ocrx_word' id='word_1_124' title='bbox 1666 1455 1875 1514; x_wconf 88' lang='lat' dir='ltr'>propter</span> 
     </span>
     <span class='ocr_line' id='line_1_18' title="bbox 239 1528 1874 1599; baseline -0.002 -20"><span class='ocrx_word' id='word_1_125' title='bbox 239 1533 316 1581; x_wconf 73' lang='lat' dir='ltr'>vel</span> <span class='ocrx_word' id='word_1_126' title='bbox 374 1532 594 1599; x_wconf 85' lang='lat' dir='ltr'>gratiam</span> <span class='ocrx_word' id='word_1_127' title='bbox 644 1531 723 1580; x_wconf 70' lang='lat' dir='ltr'>vel</span> <span class='ocrx_word' id='word_1_128' title='bbox 782 1531 1104 1597; x_wconf 80' lang='lat' dir='ltr'>dignitatem,</span> <span class='ocrx_word' id='word_1_129' title='bbox 1158 1529 1295 1595; x_wconf 90' lang='lat' dir='ltr'>quod</span> <span class='ocrx_word' id='word_1_130' title='bbox 1354 1545 1517 1594; x_wconf 90' lang='lat' dir='ltr'>neque</span> <span class='ocrx_word' id='word_1_131' title='bbox 1573 1528 1679 1594; x_wconf 89' lang='lat' dir='ltr'>peti</span> <span class='ocrx_word' id='word_1_132' title='bbox 1735 1544 1874 1577; x_wconf 91' lang='lat' dir='ltr'>more</span> 
     </span>
     <span class='ocr_line' id='line_1_19' title="bbox 239 1607 1872 1676; baseline -0.002 -16"><span class='ocrx_word' id='word_1_133' title='bbox 239 1612 487 1660; x_wconf 86' lang='lat' dir='ltr'>maiorum</span> <span class='ocrx_word' id='word_1_134' title='bbox 521 1628 684 1675; x_wconf 87' lang='lat' dir='ltr'>neque</span> <span class='ocrx_word' id='word_1_135' title='bbox 713 1611 822 1676; x_wconf 89' lang='lat' dir='ltr'>capi</span> <span class='ocrx_word' id='word_1_136' title='bbox 861 1618 1069 1675; x_wconf 87' lang='lat' dir='ltr'>possent</span> <span class='ocrx_word' id='word_1_137' title='bbox 1097 1609 1407 1659; x_wconf 76' lang='lat' dir='ltr'>conservatis</span> <span class='ocrx_word' id='word_1_138' title='bbox 1446 1608 1643 1674; x_wconf 89' lang='lat' dir='ltr'>legibus</span> <span class='ocrx_word' id='word_1_139' title='bbox 1680 1607 1733 1656; x_wconf 89' lang='lat' dir='ltr'>in</span> <span class='ocrx_word' id='word_1_140' title='bbox 1768 1617 1872 1656; x_wconf 89' lang='lat' dir='ltr'>tam</span> 
     </span>
     <span class='ocr_line' id='line_1_20' title="bbox 239 1688 1874 1757; baseline -0.002 -17"><span class='ocrx_word' id='word_1_141' title='bbox 239 1692 381 1740; x_wconf 84' lang='lat' dir='ltr'>effusi</span> <span class='ocrx_word' id='word_1_142' title='bbox 409 1691 633 1739; x_wconf 81' lang='lat' dir='ltr'>ambitus</span> <span class='ocrx_word' id='word_1_143' title='bbox 672 1690 1030 1757; x_wconf 79' lang='lat' dir='ltr'>largitionibus</span> <span class='ocrx_word' id='word_1_144' title='bbox 1067 1706 1230 1754; x_wconf 86' lang='lat' dir='ltr'>neque</span> <span class='ocrx_word' id='word_1_145' title='bbox 1261 1689 1368 1755; x_wconf 86' lang='lat' dir='ltr'>geri</span> <span class='ocrx_word' id='word_1_146' title='bbox 1398 1705 1423 1737; x_wconf 94' lang='lat' dir='ltr'>e</span> <span class='ocrx_word' id='word_1_147' title='bbox 1450 1705 1503 1738; x_wconf 90' lang='lat' dir='ltr'>re</span> <span class='ocrx_word' id='word_1_148' title='bbox 1535 1688 1737 1754; x_wconf 90' lang='lat' dir='ltr'>publica</span> <span class='ocrx_word' id='word_1_149' title='bbox 1767 1688 1874 1737; x_wconf 88' lang='lat' dir='ltr'>sine</span> 
     </span>
     <span class='ocr_line' id='line_1_21' title="bbox 239 1768 1875 1837; baseline -0.002 -17"><span class='ocrx_word' id='word_1_150' title='bbox 239 1771 462 1837; x_wconf 87' lang='lat' dir='ltr'>periculo</span> <span class='ocrx_word' id='word_1_151' title='bbox 493 1772 745 1836; x_wconf 88' lang='lat' dir='ltr'>corruptis</span> <span class='ocrx_word' id='word_1_152' title='bbox 778 1771 1002 1819; x_wconf 82' lang='lat' dir='ltr'>civitatis</span> <span class='ocrx_word' id='word_1_153' title='bbox 1039 1769 1277 1819; x_wconf 87' lang='lat' dir='ltr'>moribus.</span> <span class='ocrx_word' id='word_1_154' title='bbox 1355 1768 1439 1817; x_wconf 89' lang='lat' dir='ltr'>Ad</span> <span class='ocrx_word' id='word_1_155' title='bbox 1477 1768 1677 1818; x_wconf 90' lang='lat' dir='ltr'>hastam</span> <span class='ocrx_word' id='word_1_156' title='bbox 1714 1768 1875 1834; x_wconf 92' lang='lat' dir='ltr'>publi-</span> 
     </span>
     <span class='ocr_line' id='line_1_22' title="bbox 239 1848 1874 1915; baseline -0.002 -16"><span class='ocrx_word' id='word_1_157' title='bbox 239 1869 346 1899; x_wconf 85' lang='lat' dir='ltr'>cam</span> <span class='ocrx_word' id='word_1_158' title='bbox 386 1868 666 1915; x_wconf 80' lang='lat' dir='ltr'>numquam</span> <span class='ocrx_word' id='word_1_159' title='bbox 692 1850 912 1899; x_wconf 88' lang='lat' dir='ltr'>accessit.</span> <span class='ocrx_word' id='word_1_160' title='bbox 993 1849 1200 1898; x_wconf 82' lang='lat' dir='ltr'>Nullius</span> <span class='ocrx_word' id='word_1_161' title='bbox 1229 1848 1299 1898; x_wconf 92' lang='lat' dir='ltr'>rei</span> <span class='ocrx_word' id='word_1_162' title='bbox 1332 1865 1500 1913; x_wconf 90' lang='lat' dir='ltr'>neque</span> <span class='ocrx_word' id='word_1_163' title='bbox 1526 1865 1671 1913; x_wconf 90' lang='lat' dir='ltr'>praes</span> <span class='ocrx_word' id='word_1_164' title='bbox 1711 1865 1874 1913; x_wconf 90' lang='lat' dir='ltr'>neque</span> 
     </span>
     <span class='ocr_line' id='line_1_23' title="bbox 239 1928 1875 1996; baseline -0.001 -17"><span class='ocrx_word' id='word_1_165' title='bbox 239 1949 475 1996; x_wconf 86' lang='lat' dir='ltr'>manceps</span> <span class='ocrx_word' id='word_1_166' title='bbox 503 1931 667 1978; x_wconf 86' lang='lat' dir='ltr'>factus</span> <span class='ocrx_word' id='word_1_167' title='bbox 695 1938 785 1978; x_wconf 88' lang='lat' dir='ltr'>est.</span> <span class='ocrx_word' id='word_1_168' title='bbox 863 1929 1135 1978; x_wconf 77' lang='lat' dir='ltr'>Neminem</span> <span class='ocrx_word' id='word_1_169' title='bbox 1170 1945 1333 1994; x_wconf 89' lang='lat' dir='ltr'>neque</span> <span class='ocrx_word' id='word_1_170' title='bbox 1361 1945 1452 1977; x_wconf 89' lang='lat' dir='ltr'>suo</span> <span class='ocrx_word' id='word_1_171' title='bbox 1478 1928 1683 1977; x_wconf 90' lang='lat' dir='ltr'>nomine</span> <span class='ocrx_word' id='word_1_172' title='bbox 1710 1944 1875 1992; x_wconf 88' lang='lat' dir='ltr'>neque</span> 
     </span>
     <span class='ocr_line' id='line_1_24' title="bbox 238 2007 1876 2073; baseline -0.002 -14"><span class='ocrx_word' id='word_1_173' title='bbox 238 2011 557 2060; x_wconf 80' lang='lat' dir='ltr'>subscribens</span> <span class='ocrx_word' id='word_1_174' title='bbox 597 2009 880 2070; x_wconf 69' lang='lat' dir='ltr'>accusavit,</span> <span class='ocrx_word' id='word_1_175' title='bbox 931 2010 981 2057; x_wconf 91' lang='lat' dir='ltr'>in</span> <span class='ocrx_word' id='word_1_176' title='bbox 1024 2010 1101 2057; x_wconf 90' lang='lat' dir='ltr'>ius</span> <span class='ocrx_word' id='word_1_177' title='bbox 1141 2009 1204 2058; x_wconf 92' lang='lat' dir='ltr'>de</span> <span class='ocrx_word' id='word_1_178' title='bbox 1246 2026 1336 2057; x_wconf 90' lang='lat' dir='ltr'>sua</span> <span class='ocrx_word' id='word_1_179' title='bbox 1376 2025 1429 2057; x_wconf 88' lang='lat' dir='ltr'>re</span> <span class='ocrx_word' id='word_1_180' title='bbox 1471 2024 1750 2073; x_wconf 87' lang='lat' dir='ltr'>numquam</span> <span class='ocrx_word' id='word_1_181' title='bbox 1790 2007 1851 2057; x_wconf 90' lang='lat' dir='ltr'>iit</span> <span class='ocrx_word' id='word_1_182' title='bbox 1864 2027 1876 2069; x_wconf 81' lang='lat'><em>3</em></span> 
     </span>
     <span class='ocr_line' id='line_1_25' title="bbox 239 2086 1875 2152; baseline -0.002 -14"><span class='ocrx_word' id='word_1_183' title='bbox 239 2090 482 2138; x_wconf 79' lang='lat' dir='ltr'>iudicium</span> <span class='ocrx_word' id='word_1_184' title='bbox 535 2089 731 2137; x_wconf 91' lang='lat' dir='ltr'>nullum</span> <span class='ocrx_word' id='word_1_185' title='bbox 783 2088 976 2137; x_wconf 86' lang='lat' dir='ltr'>habuit.</span> <span class='ocrx_word' id='word_1_186' title='bbox 1081 2088 1366 2137; x_wconf 80' lang='lat' dir='ltr'>Multorum</span> <span class='ocrx_word' id='word_1_187' title='bbox 1416 2086 1681 2136; x_wconf 91' lang='lat' dir='ltr'>consulum</span> <span class='ocrx_word' id='word_1_188' title='bbox 1737 2104 1875 2152; x_wconf 88' lang='lat' dir='ltr'>prae-</span> 
     </span>
     <span class='ocr_line' id='line_1_26' title="bbox 239 2166 1872 2234; baseline -0.002 -16"><span class='ocrx_word' id='word_1_189' title='bbox 239 2177 511 2234; x_wconf 81' lang='lat' dir='ltr'>torumque</span> <span class='ocrx_word' id='word_1_190' title='bbox 553 2169 896 2234; x_wconf 83' lang='lat' dir='ltr'>praefecturas</span> <span class='ocrx_word' id='word_1_191' title='bbox 934 2167 1130 2217; x_wconf 86' lang='lat' dir='ltr'>delatas</span> <span class='ocrx_word' id='word_1_192' title='bbox 1170 2168 1238 2216; x_wconf 90' lang='lat' dir='ltr'>sic</span> <span class='ocrx_word' id='word_1_193' title='bbox 1279 2167 1487 2233; x_wconf 89' lang='lat' dir='ltr'>accepit,</span> <span class='ocrx_word' id='word_1_194' title='bbox 1517 2173 1577 2215; x_wconf 90' lang='lat' dir='ltr'>ut</span> <span class='ocrx_word' id='word_1_195' title='bbox 1618 2166 1872 2215; x_wconf 89' lang='lat' dir='ltr'>neminem</span> 
     </span>
     <span class='ocr_line' id='line_1_27' title="bbox 240 2246 1873 2314; baseline -0.002 -17"><span class='ocrx_word' id='word_1_196' title='bbox 240 2250 288 2297; x_wconf 90' lang='lat' dir='ltr'>in</span> <span class='ocrx_word' id='word_1_197' title='bbox 330 2249 640 2314; x_wconf 83' lang='lat' dir='ltr'>provinciam</span> <span class='ocrx_word' id='word_1_198' title='bbox 686 2249 751 2297; x_wconf 90' lang='lat' dir='ltr'>sit</span> <span class='ocrx_word' id='word_1_199' title='bbox 789 2256 1006 2308; x_wconf 85' lang='lat' dir='ltr'>secutus,</span> <span class='ocrx_word' id='word_1_200' title='bbox 1051 2248 1240 2296; x_wconf 85' lang='lat' dir='ltr'>honore</span> <span class='ocrx_word' id='word_1_201' title='bbox 1279 2247 1436 2296; x_wconf 86' lang='lat' dir='ltr'>fuerit</span> <span class='ocrx_word' id='word_1_202' title='bbox 1473 2253 1759 2306; x_wconf 87' lang='lat' dir='ltr'>contentus,</span> <span class='ocrx_word' id='word_1_203' title='bbox 1801 2246 1873 2294; x_wconf 88' lang='lat' dir='ltr'>rei</span> 
     </span>
     <span class='ocr_line' id='line_1_28' title="bbox 240 2324 1873 2393; baseline -0.001 -17"><span class='ocrx_word' id='word_1_204' title='bbox 240 2328 502 2377; x_wconf 83' lang='lat' dir='ltr'>familiaris</span> <span class='ocrx_word' id='word_1_205' title='bbox 546 2328 837 2393; x_wconf 80' lang='lat' dir='ltr'>despexerit</span> <span class='ocrx_word' id='word_1_206' title='bbox 882 2328 1133 2388; x_wconf 66' lang='lat' dir='ltr'>fructum,</span> <span class='ocrx_word' id='word_1_207' title='bbox 1176 2327 1262 2391; x_wconf 87' lang='lat' dir='ltr'>qui</span> <span class='ocrx_word' id='word_1_208' title='bbox 1308 2344 1370 2376; x_wconf 87' lang='lat' dir='ltr'>ne</span> <span class='ocrx_word' id='word_1_209' title='bbox 1411 2343 1523 2375; x_wconf 90' lang='lat' dir='ltr'>cum</span> <span class='ocrx_word' id='word_1_210' title='bbox 1567 2324 1623 2388; x_wconf 82' lang='lat' dir='ltr'>Q.</span> <span class='ocrx_word' id='word_1_211' title='bbox 1666 2325 1873 2390; x_wconf 89' lang='lat' dir='ltr'>quidem</span> 
     </span>
     <span class='ocr_line' id='line_1_29' title="bbox 239 2405 1872 2472; baseline -0.001 -17"><span class='ocrx_word' id='word_1_212' title='bbox 239 2408 482 2457; x_wconf 63' lang='lat' dir='ltr'>(ficcronc</span> <span class='ocrx_word' id='word_1_213' title='bbox 526 2408 744 2457; x_wconf 72' lang='lat' dir='ltr'>voluerit</span> <span class='ocrx_word' id='word_1_214' title='bbox 785 2409 856 2457; x_wconf 91' lang='lat' dir='ltr'>ire</span> <span class='ocrx_word' id='word_1_215' title='bbox 898 2408 948 2456; x_wconf 91' lang='lat' dir='ltr'>in</span> <span class='ocrx_word' id='word_1_216' title='bbox 991 2407 1181 2467; x_wconf 81' lang='lat' dir='ltr'>Asiam,</span> <span class='ocrx_word' id='word_1_217' title='bbox 1225 2424 1339 2455; x_wconf 89' lang='lat' dir='ltr'>curn</span> <span class='ocrx_word' id='word_1_218' title='bbox 1379 2405 1517 2472; x_wconf 86' lang='lat' dir='ltr'>apud</span> <span class='ocrx_word' id='word_1_219' title='bbox 1557 2422 1673 2455; x_wconf 89' lang='lat' dir='ltr'>eum</span> <span class='ocrx_word' id='word_1_220' title='bbox 1718 2405 1872 2472; x_wconf 85' lang='lat' dir='ltr'>legati</span> 
     </span>
     <span class='ocr_line' id='line_1_30' title="bbox 242 2485 1870 2554; baseline -0.002 -17"><span class='ocrx_word' id='word_1_221' title='bbox 242 2489 403 2538; x_wconf 76' lang='lat' dir='ltr'>locum</span> <span class='ocrx_word' id='word_1_222' title='bbox 434 2489 664 2537; x_wconf 79' lang='lat' dir='ltr'>obtinere</span> <span class='ocrx_word' id='word_1_223' title='bbox 692 2498 873 2554; x_wconf 82' lang='lat' dir='ltr'>posset.</span> <span class='ocrx_word' id='word_1_224' title='bbox 932 2487 1049 2537; x_wconf 82' lang='lat' dir='ltr'>Non</span> <span class='ocrx_word' id='word_1_225' title='bbox 1078 2488 1211 2537; x_wconf 90' lang='lat' dir='ltr'>enim</span> <span class='ocrx_word' id='word_1_226' title='bbox 1233 2486 1410 2536; x_wconf 87' lang='lat' dir='ltr'>decere</span> <span class='ocrx_word' id='word_1_227' title='bbox 1437 2503 1489 2535; x_wconf 88' lang='lat' dir='ltr'>se</span> <span class='ocrx_word' id='word_1_228' title='bbox 1509 2485 1870 2547; x_wconf 87' lang='lat' dir='ltr'>arbitrabatur,</span> 
     </span>
     <span class='ocr_line' id='line_1_31' title="bbox 238 2565 1868 2634; baseline -0.001 -18"><span class='ocrx_word' id='word_1_229' title='bbox 238 2587 351 2617; x_wconf 80' lang='lat' dir='ltr'>cuni</span> <span class='ocrx_word' id='word_1_230' title='bbox 386 2578 676 2634; x_wconf 83' lang='lat' dir='ltr'>praeturam</span> <span class='ocrx_word' id='word_1_231' title='bbox 708 2585 883 2633; x_wconf 79' lang='lat' dir='ltr'>gerere</span> <span class='ocrx_word' id='word_1_232' title='bbox 912 2567 1171 2627; x_wconf 87' lang='lat' dir='ltr'>noluisset,</span> <span class='ocrx_word' id='word_1_233' title='bbox 1201 2565 1441 2616; x_wconf 84' lang='lat' dir='ltr'>asseclam</span> <span class='ocrx_word' id='word_1_234' title='bbox 1469 2581 1576 2615; x_wconf 89' lang='lat' dir='ltr'>esse</span> <span class='ocrx_word' id='word_1_235' title='bbox 1608 2565 1868 2631; x_wconf 85' lang='lat' dir='ltr'>praetoris.</span> 
     </span>
     <span class='ocr_line' id='line_1_32' title="bbox 241 2644 1871 2713; baseline -0.001 -18"><span class='ocrx_word' id='word_1_236' title='bbox 241 2654 352 2709; x_wconf 72' lang='lat' dir='ltr'>Qua</span> <span class='ocrx_word' id='word_1_237' title='bbox 404 2649 451 2696; x_wconf 94' lang='lat' dir='ltr'>in</span> <span class='ocrx_word' id='word_1_238' title='bbox 506 2666 557 2696; x_wconf 88' lang='lat' dir='ltr'>re</span> <span class='ocrx_word' id='word_1_239' title='bbox 609 2665 706 2695; x_wconf 85' lang='lat' dir='ltr'>non</span> <span class='ocrx_word' id='word_1_240' title='bbox 759 2647 923 2696; x_wconf 84' lang='lat' dir='ltr'>solum</span> <span class='ocrx_word' id='word_1_241' title='bbox 968 2647 1210 2713; x_wconf 73' lang='lat' dir='ltr'>dignitati</span> <span class='ocrx_word' id='word_1_242' title='bbox 1262 2645 1529 2705; x_wconf 85' lang='lat' dir='ltr'>serviebat,</span> <span class='ocrx_word' id='word_1_243' title='bbox 1578 2644 1666 2694; x_wconf 82' lang='lat' dir='ltr'>sed</span> <span class='ocrx_word' id='word_1_244' title='bbox 1718 2645 1871 2694; x_wconf 87' lang='lat' dir='ltr'>etiam</span> 
     </span>
     <span class='ocr_line' id='line_1_33' title="bbox 241 2728 1868 2795; baseline -0.001 -17"><span class='ocrx_word' id='word_1_245' title='bbox 241 2730 616 2795; x_wconf 82' lang='lat' dir='ltr'>tranquillitati,</span> <span class='ocrx_word' id='word_1_246' title='bbox 647 2748 761 2779; x_wconf 91' lang='lat' dir='ltr'>cum</span> <span class='ocrx_word' id='word_1_247' title='bbox 793 2731 1103 2795; x_wconf 74' lang='lat' dir='ltr'>suspiciones</span> <span class='ocrx_word' id='word_1_248' title='bbox 1134 2745 1338 2794; x_wconf 85' lang='lat' dir='ltr'>quoque</span> <span class='ocrx_word' id='word_1_249' title='bbox 1365 2728 1554 2777; x_wconf 84' lang='lat' dir='ltr'>vitaret</span> <span class='ocrx_word' id='word_1_250' title='bbox 1585 2728 1868 2777; x_wconf 88' lang='lat' dir='ltr'>criminum.</span> 
     </span>
     <span class='ocr_line' id='line_1_34' title="bbox 242 2807 1871 2870; baseline -0.001 -13"><span class='ocrx_word' id='word_1_251' title='bbox 242 2812 352 2870; x_wconf 79' lang='lat' dir='ltr'>Quo</span> <span class='ocrx_word' id='word_1_252' title='bbox 382 2811 545 2870; x_wconf 82' lang='lat' dir='ltr'>fiebat,</span> <span class='ocrx_word' id='word_1_253' title='bbox 571 2819 629 2858; x_wconf 89' lang='lat' dir='ltr'>ut</span> <span class='ocrx_word' id='word_1_254' title='bbox 656 2811 763 2859; x_wconf 89' lang='lat' dir='ltr'>cius</span> <span class='ocrx_word' id='word_1_255' title='bbox 791 2809 1115 2858; x_wconf 81' lang='lat' dir='ltr'>observantia</span> <span class='ocrx_word' id='word_1_256' title='bbox 1137 2807 1372 2857; x_wconf 87' lang='lat' dir='ltr'>omnibus</span> <span class='ocrx_word' id='word_1_257' title='bbox 1399 2814 1532 2856; x_wconf 87' lang='lat' dir='ltr'>esset</span> <span class='ocrx_word' id='word_1_258' title='bbox 1558 2807 1732 2868; x_wconf 87' lang='lat' dir='ltr'>carior,</span> <span class='ocrx_word' id='word_1_259' title='bbox 1757 2823 1871 2856; x_wconf 91' lang='lat' dir='ltr'>cum</span> 
     </span>
     <span class='ocr_line' id='line_1_35' title="bbox 240 2884 1663 2954; baseline -0.001 -17"><span class='ocrx_word' id='word_1_260' title='bbox 240 2906 349 2938; x_wconf 87' lang='lat' dir='ltr'>eam</span> <span class='ocrx_word' id='word_1_261' title='bbox 377 2890 550 2950; x_wconf 84' lang='lat' dir='ltr'>officio,</span> <span class='ocrx_word' id='word_1_262' title='bbox 582 2908 681 2939; x_wconf 89' lang='lat' dir='ltr'>non</span> <span class='ocrx_word' id='word_1_263' title='bbox 710 2889 879 2938; x_wconf 89' lang='lat' dir='ltr'>timori</span> <span class='ocrx_word' id='word_1_264' title='bbox 909 2906 1071 2954; x_wconf 85' lang='lat' dir='ltr'>neque</span> <span class='ocrx_word' id='word_1_265' title='bbox 1098 2888 1202 2954; x_wconf 86' lang='lat' dir='ltr'>spei</span> <span class='ocrx_word' id='word_1_266' title='bbox 1230 2886 1388 2937; x_wconf 86' lang='lat' dir='ltr'>tribui</span> <span class='ocrx_word' id='word_1_267' title='bbox 1414 2884 1663 2937; x_wconf 90' lang='lat' dir='ltr'>viderent.</span> 
     </span>
    </p>
   </div>
  </div>
 </body>
</html>
