1971 3101
185 71 262 112 ’34
787 77 1058 108 conxssmus
1091 59 1251 108 napos.

189 216 320 248 veum
341 196 715 263 comprehendi.
775 196 887 259 Quo
908 214 1023 246 cum
1044 206 1214 246 essent
1238 195 1455 262 profecti
1481 203 1533 245 et
1558 196 1836 246 Pausanias

197 278 402 344 placato
429 277 641 343 Argilio,
671 286 730 326 ut
755 277 984 342 putabat,
1016 276 1449 325 Lacedaemonem
1474 282 1832 337 reverteretur,

198 359 256 407 in
294 358 489 417 itinere,
532 374 646 405 cum
683 357 783 405 iam
821 357 873 405 in
915 374 973 406 eo
1015 364 1159 416 esset,
1200 366 1261 404 ut
1304 354 1833 421 comprehenderetur,

198 454 268 486 ex
302 437 452 485 vultu
490 436 753 485 cuiusdam
791 436 980 501 ephori,
1011 436 1099 500 qui
1133 453 1249 485 eum
1287 434 1550 485 admoneri
1583 435 1834 500 cupiebat,

199 517 414 565 insidias
441 516 535 565 sibi
562 516 670 565 fieri
697 516 966 565 intellexit.
1027 516 1208 580 Itaque
1234 515 1407 580 paucis
1432 522 1552 564 ante
1576 514 1834 582 gradibus,

199 614 357 661 quam
399 596 486 661 qui
529 612 644 645 eum
683 596 1039 660 sequebantur,
1081 595 1132 643 in
1171 594 1348 644 aedem
1387 595 1666 656 Minervae,
1709 612 1839 660 quae

198 675 517 725 Chalcioicos
567 683 792 735 vocatur,
841 675 1085 740 confugit.
1177 673 1311 723 Hinc
1355 691 1418 723 ne
1468 675 1608 724 exire
1650 682 1835 740 posset,

202 756 381 804 statim
413 755 588 821 ephori
622 755 795 804 valvas
827 755 933 804 eius
968 753 1107 803 aedis
1142 753 1512 803 obstruxerunt
1542 762 1839 819 tectumque

203 845 326 884 sunt
351 835 596 895 demoliti,
628 852 729 899 quo
756 835 964 884 celerius
992 834 1086 882 sub
1111 833 1232 882 divo
1258 833 1506 882 interiret.

276 916 479 964 Dicitur
509 932 567 964 eo
598 926 826 980 tempore
856 922 1072 962 mat-rem
1099 913 1382 962 Pausaniae
1408 913 1596 963 vixisse
1627 931 1839 980 eamque

203 996 306 1044 iam
341 1013 527 1062 magno
563 1005 700 1055 nam,
735 1003 1006 1060 postquam
1045 993 1108 1043 de
1146 993 1333 1043 scelere
1369 993 1459 1042 filii
1497 994 1757 1060 comperit,
1787 995 1840 1043 in

203 1076 382 1141 primis
409 1075 472 1123 ad
500 1075 660 1123 filium
687 1074 1028 1124 claudendum
1054 1073 1277 1140 lapidem
1303 1072 1369 1122 ad
1399 1073 1671 1123 introitum
1701 1073 1840 1123 aedis

202 1155 454 1205 attulisse.
550 1155 628 1204 Sic
674 1155 952 1204 Pausanias
996 1171 1235 1220 magnam
1278 1153 1399 1203 belli
1441 1153 1657 1220 gloriam
1701 1154 1841 1220 turpi

202 1244 370 1284 morte
398 1235 685 1285 maculavit.
749 1235 859 1295 Hic,
892 1252 1006 1283 cum
1032 1234 1342 1285 semianimis
1367 1233 1432 1283 de
1458 1233 1652 1300 templo
1677 1233 1841 1283 elatus

204 1323 352 1376 esset,
388 1315 654 1364 confestim
693 1315 916 1363 animam
955 1314 1156 1363 efflavit.
1235 1312 1394 1364 Cuius
1431 1314 1623 1363 mortui
1661 1331 1842 1380 corpus

204 1412 322 1444 cum
350 1395 526 1444 eodem
555 1395 785 1444 nonnulli
813 1394 1042 1444 dicerent
1069 1394 1246 1443 inferri
1274 1400 1522 1459 oportere,
1552 1411 1655 1459 quo
1679 1394 1728 1455 ii,
1753 1395 1841 1459 qui

203 1475 271 1524 ad
309 1475 613 1541 supplicium
650 1483 819 1524 essent
852 1474 974 1535 dati,
1013 1474 1276 1540 displicuit
1305 1473 1550 1540 pluribus,
1581 1481 1633 1523 et
1665 1474 1842 1540 procul

202 1556 272 1604 ab
298 1571 356 1605 eo
384 1556 491 1605 loco
517 1554 827 1615 infoderunt,
858 1572 960 1620 quo
987 1562 1096 1604 erat
1120 1562 1368 1604 mortuus,
1436 1553 1563 1603 Inde
1589 1554 1842 1620 posterius

202 1635 288 1685 dei
325 1636 559 1701 Delphici
595 1652 835 1701 responso
870 1643 1046 1684 erutus
1077 1643 1231 1700 atque
1263 1634 1441 1684 eodem
1472 1633 1581 1684 loco
1611 1633 1842 1700 sepultus

185 1724 298 1775 cst,
329 1717 412 1765 uhi
443 1717 603 1765 vitam
629 1722 880 1782 posuerat.

752 2005 814 2059 V.
870 2004 1301 2059 LYSANDER.

271 2134 429 2191 Nepos
459 2133 543 2177 has
568 2141 651 2177 not
675 2133 857 2178 formed
882 2150 907 2177 a
937 2134 1028 2177 fair
1051 2133 1268 2177 estimate
1291 2132 1341 2177 of
1372 2131 1453 2176 the
1475 2130 1646 2189 ability
1670 2130 1718 2175 of
1751 2131 1842 2190 Ly-

207 2204 380 2248 sander
404 2205 538 2248 when
571 2205 628 2249 he
653 2221 762 2263 says
784 2206 888 2249 that
916 2206 986 2249 his
1009 2220 1188 2249 success
1211 2219 1307 2248 was
1336 2203 1505 2262 chiefly
1528 2203 1620 2247 due
1651 2208 1701 2247 to
1723 2202 1839 2260 good

208 2276 330 2319 luck.
400 2276 643 2333 Lysander
667 2292 762 2320 was
787 2276 868 2320 the
893 2276 1021 2320 third
1048 2277 1262 2321 eminent
1284 2275 1489 2334 Spartan
1513 2274 1619 2318 who
1641 2288 1769 2318 came
1793 2279 1843 2318 to

208 2346 291 2390 the
323 2347 453 2390 front
486 2348 532 2390 in
562 2348 640 2391 the
674 2348 1045 2406 Peloponnesian
1082 2362 1192 2401 war,
1229 2345 1449 2390 Brasidas
1479 2344 1572 2389 and
1607 2345 1843 2404 Gylippus

207 2416 355 2476 being
379 2417 458 2461 the
483 2419 586 2461 first
611 2425 718 2462 two.
786 2418 862 2463 He
888 2434 982 2462 was
1009 2434 1059 2462 so
1090 2418 1163 2462 far
1186 2418 1427 2461 fortunate
1453 2416 1558 2460 that
1587 2416 1645 2460 he
1676 2415 1768 2460 had
1794 2422 1844 2460 to

204 2488 313 2532 deal
336 2489 450 2532 with
472 2489 552 2533 the
573 2489 816 2533 Athenian
838 2505 996 2548 power
1014 2490 1061 2533 in
1087 2490 1148 2533 its
1166 2488 1361 2542 decline,
1381 2487 1474 2532 and
1500 2487 1636 2532 when
1656 2487 1844 2532 Athens

207 2574 306 2603 was
332 2560 581 2618 unusually
606 2560 827 2604 deficient
855 2562 899 2604 in
928 2576 1033 2604 meu
1058 2565 1110 2604 at
1131 2575 1244 2603 once
1266 2558 1372 2603 able
1395 2557 1486 2603 and
1513 2557 1841 2616 trustworthy,

205 2631 367 2688 owing
402 2636 451 2674 to
486 2630 567 2674 the
604 2631 745 2674 losses
780 2630 1020 2674 sus-‚tained
1059 2631 1104 2674 in
1143 2630 1224 2674 the
1259 2630 1520 2688 Syracusan
1557 2628 1841 2688 expedition.

208 2702 280 2743 At
295 2700 377 2745 the
395 2716 521 2744 same
538 2701 667 2756 time,
688 2701 822 2745 when
846 2702 901 2745 he
923 2701 1030 2745 took
1050 2700 1296 2745 command
1314 2701 1363 2745 of
1376 2701 1456 2745 the
1472 2699 1843 2760 Peloponnesian

207 2770 320 2814 fleet
345 2772 389 2815 in
416 2775 502 2816 407
530 2785 628 2826 13.c.‚
654 2771 734 2815 the
760 2771 1027 2815 Athenians
1050 2770 1140 2815 had
1167 2771 1283 2816 been
1308 2771 1568 2830 uniformly
1590 2770 1843 2816 successful

208 2841 261 2885 in
285 2842 366 2886 the
392 2844 584 2900 Aegean
608 2843 701 2887 and
729 2843 1010 2901 Hellespont
1033 2843 1104 2887 for
1126 2857 1251 2886 some
1275 2842 1383 2886 four
1402 2857 1554 2901 years,
1572 2841 1666 2887 and
1690 2843 1728 2887 it
1750 2856 1846 2886 was
