1971 3101
250 85 307 125 14
835 93 1108 125 CORNELIUS
1142 93 1305 127 NEPOS.

247 209 364 253 with
389 209 531 269 being
553 209 722 255 bribed
746 209 811 267 by
829 209 911 254 the
929 209 1125 254 Persian
1148 209 1279 268 king,
1298 225 1352 254 or
1374 209 1482 254 that
1504 209 1587 254 the
1602 210 1700 255 real
1723 226 1889 256 reason

246 295 344 324 was
371 281 452 325 the
476 281 761 327 Athenians⁷
792 281 894 325 fear
916 280 1021 324 that
1053 281 1113 324 he
1136 281 1293 324 would
1318 281 1456 325 make
1485 281 1678 325 himself
1710 287 1890 340 tyrant,

244 366 297 395 as
321 353 481 410 Nepos
504 367 622 409 says.
690 352 750 396 In
778 352 859 396 the
888 351 1031 395 latter
1061 366 1161 395 case
1187 351 1304 409 they
1324 351 1485 396 would
1510 351 1632 396 have
1655 353 1888 411 punished

247 422 345 466 him
372 423 493 466 with
516 423 662 467 death
687 438 739 466 or
762 424 1021 477 ostracism,
1046 428 1132 466 not
1155 422 1271 466 with
1296 437 1324 466 a
1345 422 1452 467 fine.

319 541 360 589 1.
406 540 728 602 MILTIADES,
754 539 980 590 Cimonis
1001 540 1147 601 filius,
1172 540 1520 602 Atheniensis,
1545 559 1662 592 cum
1683 550 1735 592 et
1761 543 1890 592 anti-

245 621 445 685 quitate
477 620 677 686 generis
712 629 763 670 et
796 620 957 686 gloria
991 620 1242 669 maiorum
1273 628 1326 669 et
1359 638 1450 670 sua
1479 621 1732 671 modestia
1757 639 1890 672 unus

245 701 476 750 omnium
507 700 729 750 maxime
762 701 967 750 floreret
999 717 1158 764 eaque
1190 706 1323 749 esset
1352 709 1536 762 aetate,
1565 708 1627 750 ut
1656 719 1759 751 non
1789 702 1890 751 iam

246 780 410 830 solum
432 780 495 830 de
518 798 576 830 eo
596 781 724 830 bene
746 798 961 846 sperare,
983 780 1072 829 sed
1091 780 1246 829 etiam
1263 780 1515 830 confidere
1532 781 1666 831 cives
1683 790 1891 847 possent

246 862 325 910 sui
371 861 526 910 talem
571 878 688 910 eum
729 860 977 920 futurum,
1026 859 1229 925 qualem
1274 861 1538 927 cognitum
1581 861 1887 923 iudicarunt,

244 941 444 1002 accidit,
500 951 559 990 ut
613 941 957 990 Athenienses
1014 939 1390 990 Chersonesum
1444 941 1648 992 colonos
1699 942 1893 992 vellent

247 1021 466 1070 mittere.
546 1020 704 1070 Cuius
742 1021 943 1087 generis
984 1037 1101 1069 cum
1139 1037 1357 1087 magnus
1394 1037 1638 1071 numerus
1673 1032 1806 1072 esset
1840 1030 1892 1072 et

245 1100 396 1149 multi
448 1101 555 1149 eius
606 1100 997 1167 demigrationis
1048 1109 1285 1167 peterent
1337 1101 1646 1163 societatem,
1701 1119 1765 1151 ex
1813 1102 1891 1153 his
1939 1116 1942 1119 ’

245 1181 430 1231 delecti
464 1181 691 1247 Delphos
725 1181 1068 1231 deliberatum
1103 1182 1245 1230 missi
1279 1190 1413 1243 sunt,
1448 1182 1537 1248 qui
1569 1182 1892 1233 consulerent

247 1261 554 1326 Apollinem,
601 1279 702 1326 quo
744 1262 1067 1327 potissimum
1111 1261 1239 1311 duce
1279 1270 1563 1313 uterentur.
1653 1263 1891 1329 Namque

247 1348 360 1390 tum
396 1340 644 1390 Thraeces
680 1358 762 1390 eas
796 1341 1029 1407 regiones
1064 1342 1324 1402 tenebant,
1363 1359 1478 1391 cum
1516 1343 1702 1408 quibus
1737 1344 1891 1394 armis

247 1431 355 1471 erat
383 1421 745 1470 dimicandum.
821 1421 917 1470 His
948 1421 1333 1472 consulentibus
1365 1423 1672 1473 nominatim
1699 1424 1891 1490 Pythia

247 1502 518 1568 praecepit,
558 1509 616 1550 ut
653 1501 945 1551 Miltiadem
985 1502 1346 1567 imperatorem
1384 1503 1480 1552 sibi
1515 1512 1798 1554 sumerent:
1837 1503 1891 1553 id

248 1582 289 1630 si
331 1581 583 1641 fecissent,
631 1582 833 1647 incepta
874 1599 1115 1648 prospera
1156 1582 1345 1632 futura.
1437 1583 1549 1633 Hoc
1590 1584 1778 1633 oraculi
1819 1601 1891 1633 re-

245 1679 431 1728 sponso
467 1661 727 1711 Miltiades
763 1679 877 1712 cum
910 1661 1107 1711 delecta
1137 1680 1293 1712 manu
1325 1663 1482 1713 classe
1516 1662 1890 1714 Chersonesum

245 1742 504 1808 profectus
533 1759 650 1791 cum
678 1743 968 1792 accessisset
996 1742 1248 1792 Lemnum
1275 1750 1327 1793 et
1352 1743 1542 1793 incolas
1562 1743 1669 1793 eius
1695 1744 1890 1794 insulae

245 1822 339 1871 sub
395 1831 709 1888 potestatem
767 1822 997 1889 redigere
1054 1823 1210 1873 vellet
1264 1823 1678 1886 Atheniensium,
1734 1823 1890 1889 idque

245 1901 444 1951 Lemnii
485 1920 575 1952 sua
617 1913 801 1969 sponte
847 1902 1087 1964 facerent,
1130 1903 1454 1969 postulasset,
1500 1903 1575 1952 illi
1618 1903 1890 1954 irridentes

245 1982 621 2048 responderunt
654 1993 767 2032 tum
801 1983 853 2033 id
886 2000 937 2033 se
970 1984 1208 2045 facturos,
1239 2001 1354 2032 cum
1384 1983 1469 2034 ille
1495 1983 1648 2034 domo
1674 1985 1889 2034 navibus

246 2063 567 2128 proficiscens
596 2072 752 2113 vento
778 2064 1018 2129 aquilone
1046 2064 1269 2114 venisset
1295 2063 1560 2114 Lemnum.
1628 2063 1727 2114 Hic
1754 2065 1889 2114 enim

245 2152 431 2192 ventus
457 2144 522 2193 ab
550 2145 988 2210 septentrionibus
1016 2144 1183 2194 oriens
1206 2144 1478 2194 adversum
1500 2150 1644 2194 tenet
1668 2143 1888 2194 Athenis

246 2223 694 2288 proficiscentibus.
778 2224 1038 2275 Miltiades
1070 2225 1303 2274 morandi
1334 2233 1537 2290 tempus
1568 2241 1670 2274 non
1697 2223 1888 2274 habens

247 2318 449 2351 cursum
477 2303 681 2364 direxit,
712 2322 814 2369 quo
840 2305 1100 2366 tendebat,
1129 2304 1466 2371 pervenitque
1497 2303 1884 2355 Chersonesum.

316 2382 360 2432 2.
395 2382 469 2431 Ibi
497 2383 638 2432 brevi
664 2394 891 2450 tempore
910 2385 1185 2441 barbarum
1209 2385 1364 2450 copiis
1383 2384 1609 2434 disiectis
1632 2392 1743 2434 tota
1763 2386 1887 2452 regi-

247 2478 354 2521 one,
369 2479 522 2527 quam
542 2464 772 2528 petierat,
794 2466 991 2530 potitus
1009 2465 1117 2515 loca
1134 2465 1353 2515 castellis
1371 2463 1554 2514 idonea
1569 2465 1883 2527 communiit,

247 2541 649 2603 multitudinem,
689 2561 842 2609 quam
879 2562 1048 2594 secum
1084 2544 1317 2606 duxerat,
1356 2544 1409 2593 in
1447 2544 1583 2611 agris
1621 2543 1888 2594 collocavit

247 2621 539 2687 crebrisque
576 2624 961 2673 excursionibus
997 2624 1344 2690 locupletavit.
1421 2623 1604 2690 Neque
1634 2624 1804 2674 minus
1834 2625 1886 2675 in

247 2716 306 2748 ea
338 2718 391 2750 re
423 2701 699 2766 prudentia
729 2720 882 2767 quam
915 2702 1160 2753 felicitate
1194 2703 1403 2753 adiutus
1434 2712 1524 2754 est.
1602 2703 1738 2754 Nam
1772 2722 1887 2755 cum

247 2780 443 2830 virtute
493 2781 715 2830 militum
766 2781 1037 2832 devicisset
1088 2782 1313 2832 hostium
1365 2783 1634 2846 exercitus,
1689 2802 1887 2835 summa

247 2861 509 2926 aequitate
527 2879 606 2912 res
623 2862 892 2912 constituit
908 2871 1063 2928 atque
1082 2863 1189 2929 ipse
1206 2862 1397 2914 ibidem
1415 2881 1621 2916 manere
1642 2864 1881 2916 decrevit.
