2004 3165
713 98 1082 132 zmxmoxnas.
1669 85 1726 129 47

66 222 156 277 illa
203 223 438 277 oratione
487 238 610 290 opes
659 238 836 273 eorum
887 220 1203 272 concusserit
1252 235 1408 286 quam
1462 217 1728 269 Leuctrica

67 321 256 375 pugna.
303 303 438 355 Tum
459 303 598 355 enim
620 302 849 370 perfecit,
873 301 1012 369 quod
1035 311 1151 369 post
1171 300 1428 368 apparuit,
1454 310 1513 350 ut
1532 299 1729 350 auxilio

69 384 462 438 lacedaemonii
488 383 743 435 sociorum
771 384 1113 451 privarentur.

121 466 168 519 7.
189 465 368 519 Fuisse
386 466 671 535 patientem
689 481 1004 532 suorumque
1022 463 1237 513 iniurias
1255 462 1508 513 ferentem
1520 462 1725 523 civium,

67 546 209 616 quod
235 564 289 599 se
315 547 512 616 patriae
540 546 686 597 irasci
717 545 859 596 nefas
886 562 994 596 esse
1026 543 1254 604 duceret,
1286 543 1410 594 haec
1437 553 1561 593 sunt
1589 543 1728 593 testi-

69 628 256 680 monia.
333 627 466 680 Cum
493 644 611 679 eum
648 637 860 695 propter
893 625 1142 676 invidiam
1176 626 1313 676 cives
1341 625 1418 675 sui
1455 627 1728 692 praeficere

68 709 323 762 exercitui
345 708 633 761 noluissent
652 709 866 775 duxque
889 717 1024 758 esset
1043 706 1275 758 delectus
1297 706 1416 757 belli
1440 707 1725 773 imperituS,

68 791 217 843 cuius
242 807 415 843 errore
448 808 509 842 eo
542 800 676 842 esset
708 789 933 841 deducta
968 788 1054 839 illa
1082 787 1366 838 multitudo
1400 787 1639 847 militum,
1671 798 1729 837 ut

69 889 248 925 omnes
272 871 339 925 de
363 871 531 924 salute
563 873 999 940 pertimescerent,
1037 869 1176 937 quod
1213 870 1440 920 locorum
1474 870 1729 937 angustiis

70 953 230 1006 clausi
273 953 340 1005 ab
385 953 621 1005 hostibus
666 953 1051 1012 obsidebantur,
1099 951 1380 1002 desiderari
1426 962 1607 1018 coepta
1652 960 1730 1001 est

70 1033 460 1104 Epaminondae
503 1034 789 1103 diligentia.
887 1034 1010 1084 Erat
1055 1034 1191 1084 euim
1244 1033 1312 1083 ibi
1358 1033 1591 1099 privatus
1643 1049 1730 1081 nu-

70 1133 214 1169 mero
229 1116 424 1168 militis.
503 1117 549 1167 A
567 1134 671 1184 quo
691 1134 805 1166 cum
830 1126 1066 1183 peterent
1088 1132 1251 1183 opem,
1275 1114 1468 1164 nullam
1489 1113 1730 1163 adhibuit

70 1198 372 1250 memoriam
398 1196 740 1249 contumeliae
767 1208 818 1248 et
845 1198 1130 1248 exercitum
1158 1195 1425 1246 obsidione
1454 1194 1729 1245 liberatum

69 1277 285 1331 domum
313 1278 524 1330 reduxit
562 1278 884 1329 incolumem.
966 1278 1071 1329 Nec
1113 1295 1234 1328 vero
1274 1277 1366 1327 hoc
1394 1276 1549 1327 semel
1591 1276 1726 1337 fecit,

71 1359 396 1429 sedsaepius.
467 1359 695 1411 Maxime
715 1371 891 1410 autem
914 1359 1013 1409 fuit
1038 1359 1251 1418 illustre,
1277 1377 1392 1409 cum
1418 1358 1729 1425 Peloponue-

71 1458 188 1494 aum
225 1442 511 1494 exercitum
548 1440 785 1492 duxisset
823 1441 1072 1491 adversus
1114 1440 1543 1491 lacedaemonios
1583 1439 1730 1490 habe-

70 1531 256 1591 retque
299 1523 521 1592 collegas
552 1522 698 1584 duoS,
737 1540 957 1590 quorum
998 1522 1131 1573 alter
1174 1533 1283 1572 erat
1329 1521 1612 1589 Pelopidas
1654 1522 1732 1571 vir

72 1603 224 1657 fortis
248 1622 308 1656 ac
334 1614 592 1656 strenuus.

146 1685 216 1738 Hi
246 1703 364 1738 cum
398 1686 699 1737 criminibus
732 1684 1147 1736 adversariorum
1184 1702 1362 1735 omnes
1394 1685 1445 1734 in
1480 1684 1728 1735 invidiam

71 1767 340 1820 venissent
367 1767 435 1820 ob
464 1784 679 1835 eamque
711 1784 818 1818 rem
851 1767 1125 1834 imperium
1162 1767 1222 1816 iis
1255 1776 1390 1817 esset
1421 1766 1729 1833 abrogatum

71 1857 234 1917 atque
266 1849 320 1900 in
358 1866 537 1901 eorum
572 1848 739 1900 locum
777 1848 863 1899 alii
900 1859 1161 1916 praetores
1197 1848 1572 1906 successissent,
1609 1847 1730 1914 lipa-

72 1928 348 1981 minondas
382 1929 557 1998 populi
593 1930 723 1981 scito
758 1947 859 1980 non
897 1930 1082 1996 paruit,
1114 1928 1355 1995 idemque
1391 1938 1450 1978 ut
1486 1928 1727 1989 facet-uit,

74 2011 332 2080 persuasit
379 2010 589 2080 collegis
638 2021 690 2062 et
742 2010 948 2070 bellum,
1000 2009 1140 2077 quod
1191 2020 1500 2076 susceperat,
1553 2010 1726 2076 gessit.

75 2090 317 2160 Namque
359 2091 822 2153 animadvertebat,
871 2092 967 2141 nisi
1013 2090 1066 2141 id
1111 2091 1328 2150 fecisset,
1378 2100 1547 2140 totum
1592 2108 1731 2140 exer-

72 2173 238 2225 citum
286 2181 500 2241 propter
552 2182 848 2241 praetorum
908 2172 1312 2240 imprudentiam
1371 2171 1731 2237 inscitiamque

74 2253 198 2307 belli
225 2254 530 2323 periturum.
603 2253 709 2305 Lex
738 2265 847 2305 erat
875 2253 1080 2312 Thebis,
1104 2270 1236 2319 quae
1264 2263 1430 2303 morte
1457 2251 1727 2312 multabat,

74 2334 119 2388 εἰ
161 2334 279 2404 quia
321 2335 597 2404 imperium
639 2334 839 2385 diutius
884 2335 1195 2394 retinuisset,
1236 2351 1391 2401 quam
1438 2332 1549 2401 lege
1595 2351 1731 2400 prae·

74 2415 283 2468 finitum
332 2415 481 2468 foret.
574 2415 721 2467 Hanc
774 2414 1169 2483 Epaminondae,
1213 2432 1328 2465 cum
1375 2414 1445 2465 rei
1499 2414 1731 2482 publicae

74 2495 457 2551 conservandae
488 2513 641 2548 causa
674 2495 831 2547 latam
859 2495 1074 2555 videret,
1102 2494 1168 2545 ad
1197 2495 1473 2562 perniciem
1504 2495 1731 2546 civitatis

75 2576 310 2630 conferre
368 2575 538 2629 noluit
587 2586 641 2629 et
691 2587 943 2645 quattuor
994 2576 1256 2627 mensibus
1308 2575 1521 2635 diutius,
1574 2593 1729 2643 quam

0 2656 302 2747 populun
325 2657 561 2720 iusserat,
588 2657 751 2727 gessit
777 2657 1064 2725 imperium.

147 2737 195 2793 8.
236 2737 520 2808 Postquam
555 2737 770 2790 domum
816 2737 1041 2789 reditum
1087 2747 1179 2798 est,
1221 2736 1445 2806 collegae
1483 2738 1592 2788 eius
1637 2737 1731 2788 hoc

12 2863 13 2866 η
75 2819 290 2873 mmine
320 2819 710 2872 accusabantur.
787 2819 987 2884 Quibus
1025 2817 1111 2869 ille
1150 2819 1398 2886 permisit,
1428 2828 1487 2870 ut
1525 2835 1730 2869 omnem

0 2995 38 3165 l

66 2914 286 2953 m
313 2900 371 2954 in
392 2916 449 2953 ιο
481 2899 826 2953 transferrent
854 2917 1049 2968 suaque
1075 2917 1232 2969 opera
1261 2899 1457 2951 factum
1489 2898 1731 2951 contend-
