1971 3101
183 63 292 121 120⁶
771 85 1042 118 Commius
1075 72 1239 117 NEPOS.

183 198 405 253 naretur,
427 189 655 257 Elpinice
673 189 883 255 negavit
900 205 951 238 se
971 205 1234 254 passuram
1257 185 1509 236 Miltiadis
1525 185 1821 253 progeniem

182 273 236 322 in
280 271 460 320 vinclis
501 270 717 336 publicis
760 269 985 330 interire,
1033 268 1276 333 quoniam
1318 266 1590 333 prohibere
1632 272 1818 332 posset,

184 369 337 418 seque
374 350 564 402 Calliae
600 359 891 417 nupturam,
923 349 964 398 si
999 366 1056 398 ea
1091 364 1221 415 quae
1254 346 1583 414 polliceretur
1614 345 1825 412 praesti-

184 433 343 482 tisset.

254 512 299 562 2.
342 511 455 561 Tali
495 511 647 561 modo
688 509 920 560 custodia
963 508 1210 558 liberatus
1261 506 1444 558 Cimon
1483 505 1718 556 celeriter
1758 503 1827 554 ad

185 592 530 660 principatum
564 590 812 658 pervenit.
890 589 1131 639 Habebat
1161 588 1297 638 enim
1331 587 1455 637 satis
1487 585 1821 652 eloquentiae,

186 690 438 722 summam
476 671 851 732 liberalitatem,
892 687 1132 736 magnam
1175 667 1504 735 prudentiam
1544 683 1661 716 cum
1700 664 1826 715 iuris

187 752 350 802 civilis
393 760 507 801 tum
555 751 629 800 rei
672 750 921 811 militaris,
970 748 1107 815 quod
1153 765 1270 797 cum
1311 754 1458 814 patre
1500 764 1530 796 a
1571 762 1731 813 puero
1773 745 1826 794 in

188 832 496 883 exercitibus
545 831 716 880 fuerat
765 836 1011 880 versatus.
1103 828 1287 894 Itaque
1343 827 1424 877 hic
1474 835 1526 877 et
1579 825 1828 893 populum

187 913 443 963 urbanum
492 911 546 961 in
596 929 686 960 sua
736 911 906 961 tenuit
954 916 1212 976 potestate
1257 915 1310 958 et
1358 907 1495 974 apud
1546 907 1830 957 exercitum

188 993 469 1060 plurimum
506 991 670 1041 valuit
707 990 1028 1041 auctoritate.
1105 990 1334 1039 Primum
1375 988 1654 1054 imperator
1690 985 1830 1052 apud

189 1075 380 1123 flumen
440 1072 720 1138 Strymona
783 1088 994 1138 magnas
1057 1071 1226 1136 copias
1292 1068 1547 1118 Thracum
1610 1067 1827 1135 fugavit,
1864 1082 1869 1086 ·

190 1153 438 1220 oppidum
501 1152 851 1218 Amphipolim
914 1151 1186 1202 constituit
1240 1166 1401 1215 eoque
1461 1148 1638 1199 decem
1692 1147 1833 1197 milia

191 1233 590 1283 Atheniensium
639 1233 693 1281 in
738 1232 988 1282 coloniam
1038 1231 1192 1281 misit.
1269 1229 1414 1280 Idem
1462 1230 1653 1279 iterum
1695 1226 1833 1294 apud

194 1313 433 1379 Mycalen
469 1312 778 1379 Cypriorum
810 1319 862 1363 et
888 1312 1211 1369 *Phoenicum
1245 1310 1586 1360 ducentarum
1622 1308 1834 1358 navium

192 1394 404 1443 classem
443 1393 701 1443 devictam
741 1393 877 1459 cepit
921 1392 1203 1457 eodemque
1247 1390 1330 1441 die
1374 1391 1484 1457 pari
1528 1389 1740 1441 fortuna
1780 1388 1835 1438 in

193 1482 329 1524 terra
355 1491 476 1524 usus
511 1481 599 1523 est.
677 1473 916 1539 Namque
950 1473 1178 1522 hostium
1210 1471 1428 1521 navibus
1460 1470 1621 1537 captis
1659 1469 1836 1519 statim

194 1573 259 1606 ex
299 1555 455 1604 classe
495 1555 664 1620 copias
705 1572 820 1604 suas
860 1553 1042 1603 eduxit
1084 1553 1522 1617 barbarorumque
1558 1556 1836 1600 maximam

193 1635 300 1684 vim
361 1651 465 1684 uno
520 1650 768 1684 concursu
829 1633 1122 1700 prostravit.
1208 1631 1320 1695 Qua
1376 1631 1593 1681 victoria
1652 1646 1839 1697 magna

193 1715 385 1782 praeda
441 1715 637 1781 potitus
695 1732 809 1763 cum
865 1713 1076 1763 domum
1131 1719 1490 1774 reverteretur,
1543 1710 1683 1777 quod
1736 1710 1839 1759 iam

195 1794 472 1845 nonnullae
498 1794 694 1843 insulae
721 1800 932 1860 propter
957 1793 1291 1844 acerbitatem
1317 1793 1498 1859 imperi
1525 1791 1834 1851 defecerant,

195 1874 324 1924 bene
362 1875 614 1923 animatas
652 1874 987 1935 confirmavit,
1028 1873 1275 1923 alienatas
1312 1872 1379 1922 ad
1417 1871 1636 1922 officium
1673 1870 1840 1921 redire

197 1954 377 2020 coegit.
455 1953 686 2019 Scyrum,
717 1971 872 2019 quam
907 1970 965 2003 eo
1003 1960 1234 2019 tempore
1271 1952 1496 2018 Dolopes
1530 1950 1837 2012 incolebant,

198 2034 336 2099 quod
400 2033 750 2084 contumacius
814 2050 866 2083 se
929 2040 1205 2100 gesserant,
1266 2032 1562 2094 vacuefecit,
1623 2047 1841 2081 sessores

198 2121 398 2164 veteres
455 2114 582 2163 urbe
639 2113 907 2178 insulaque
972 2113 1133 2174 eiecit,
1187 2130 1336 2180 agros
1401 2112 1597 2162 civibus
1646 2110 1837 2161 divisit.

199 2194 412 2244 Thasios
456 2193 719 2260 opulentia
762 2193 921 2243 fretos
971 2210 1062 2243 suo
1110 2192 1340 2243 adventu
1385 2192 1556 2259 fregit.
1632 2190 1729 2240 His
1779 2206 1844 2240 ex

200 2274 456 2324 manubiis
493 2291 585 2323 arx
621 2274 961 2336 Athenarum,
1000 2291 1101 2340 qua
1134 2273 1200 2323 ad
1238 2272 1506 2323 meridiem
1544 2271 1726 2338 vergit,
1766 2276 1846 2321 est·

202 2361 395 2404 ornata.
1514 2408 1519 2413 θ

272 2434 317 2484 3.
358 2434 554 2497 Quibus
580 2434 731 2484 rebus
759 2451 873 2484 cum
900 2451 1032 2483 unus
1058 2433 1111 2483 in
1139 2433 1349 2483 civitate
1375 2432 1597 2482 maxime
1622 2431 1841 2492 floreret,

201 2514 385 2564 incidit
420 2514 474 2563 in
513 2513 728 2564 eandem
765 2513 1014 2563 invidiam
1052 2530 1208 2580 quam
1246 2520 1395 2579 pater
1431 2527 1548 2561 suos
1586 2510 1845 2575 ceterique

203 2594 600 2644 Atheniensium
638 2594 914 2660 principes:
966 2611 1085 2643 nam
1123 2599 1374 2643 testarum
1412 2591 1666 2658 suffragiis
1705 2589 1845 2657 quod

204 2673 278 2724 illi
313 2672 650 2738 ὀστρακισμὸν
684 2680 870 2723 vocant
903 2673 1080 2723 decem
1114 2689 1365 2723 annorum
1404 2670 1558 2722 exilio
1595 2670 1847 2720 multatus

207 2761 295 2803 est.
381 2752 540 2804 Cuius
601 2753 724 2804 facti
785 2753 997 2804 celerius
1058 2753 1403 2803 Athenienses
1463 2768 1619 2818 quam
1677 2751 1848 2818 ipsum

206 2834 475 2899 paenituit.
532 2833 667 2882 Nam
689 2850 805 2882 cum
830 2832 915 2882 ille
936 2833 1107 2882 animo
1132 2832 1256 2882 forti
1276 2831 1501 2881 invidiae
1526 2831 1848 2899 ingratorum

207 2913 398 2965 civium
428 2914 660 2963 cessisset
693 2912 988 2978 bellumque
1021 2911 1411 2963 Lacedaemonii
1444 2911 1847 2962 Atheniensibus
