2004 3165
803 107 1075 142 crsasum.
1711 100 1794 143 39ι

176 226 225 282 8.
266 226 351 279 Its
387 226 719 281 decemvirali
753 238 1012 297 potestate
1048 231 1100 281 in
1131 230 1372 282 omnibus
1408 229 1623 281 urbibus
1657 249 1776 281 con·

107 309 295 362 stituta
339 309 501 378 ipsius
547 320 680 361 nutu
725 311 899 362 omnia
941 312 1271 381 gerebantur.
1349 312 1511 363 Cuius
1551 311 1616 362 de
1662 330 1776 363 cru-

106 390 323 444 delitate
359 409 418 443 ac
457 391 673 460 perfidia
710 393 836 443 satis
873 403 952 444 est
991 410 1147 444 unam
1188 411 1292 444 rem
1334 393 1557 461 exempli
1602 395 1776 462 gratia

108 474 352 543 proferre,
397 492 460 526 ne
500 473 566 525 de
607 473 789 525 eodem
835 474 983 542 plura
1027 475 1380 526 enumerando
1422 474 1777 544 defatigemus

108 554 335 609 lectores.
416 555 598 607 Victor
634 573 698 606 ex
735 556 862 606 Asia
896 573 1012 606 cum
1050 566 1401 607 reverteretur
1439 556 1776 623 Thasumque

106 637 419 702 divertisset„
460 637 600 707 quod
642 655 701 689 ea
746 638 930 688 civitas
975 639 1249 705 praecipua
1295 637 1394 689 fide
1435 639 1606 689 fuerat
1651 657 1776 707 erga

108 718 467 782 Athenienses,
498 719 714 788 proinde
740 738 798 769 ac
831 720 871 769 si
911 736 1013 769 non
1046 719 1201 770 iidem
1235 720 1512 769 firmissimi
1546 720 1776 771 solerent

106 817 217 853 esse
239 801 406 863 amici,
429 802 519 869 qui
546 811 844 852 constantes
866 801 1086 852 fuissent
1109 801 1316 861 inimici,
1343 813 1637 868 pervertere
1659 819 1776 852 eam

106 882 417 950 concupivit.
496 882 644 933 Vidit
683 892 873 942 autem,
917 883 1012 933 nisi
1057 883 1109 933 in
1148 901 1208 933 eo
1249 882 1554 933 occultasset
1597 883 1779 932 volun—

108 970 285 1025 tatem,
327 963 578 1024 futurum,
622 974 681 1015 ut
722 964 896 1015 Thasii
939 964 1298 1015 dilaberentur
1340 964 1778 1031 consulerentque

107 1044 261 1096 rebus
286 1045 392 1096 suis
460 1087 470 1096 .
541 1087 550 1096 .
622 1087 632 1095 .

175 1124 223 1179 8.
266 1125 450 1194 Itaque
495 1126 546 1177 hi
591 1126 986 1178 decemviralem
1031 1127 1171 1178 illam
1219 1138 1531 1196 potestatem
1574 1127 1641 1177 ab
1686 1127 1779 1178 illo

106 1207 447 1259 constitutam
472 1207 811 1259 sustulerunt.
890 1213 1004 1272 Quo
1030 1209 1206 1259 dolore
1241 1210 1478 1260 incensus
1511 1209 1628 1259 iniit
1660 1227 1777 1258 con-

105 1287 222 1340 silis
260 1306 406 1358 reges
445 1289 967 1340 Lacedaemoniorum
1011 1291 1204 1341 tollere.
1283 1291 1385 1341 Sed
1424 1292 1685 1342 sentiebat
1720 1290 1776 1341 id

106 1386 161 1422 se
186 1370 296 1422 sine
327 1387 424 1439 ope
449 1370 664 1422 deorum
694 1372 859 1422 facere
889 1390 990 1422 non
1019 1391 1179 1440 posse,
1210 1373 1347 1440 quod
1381 1373 1777 1423 Lacedaemonii

106 1453 281 1504 omnia
312 1451 380 1503 ad
414 1452 620 1503 oracula
658 1453 848 1504 referre
888 1466 1211 1505 consuerant.
1293 1455 1523 1504 Primum
1565 1454 1777 1522 Delphi-

106 1549 225 1585 cum
266 1551 594 1602 corrumpere
635 1544 715 1585 est
754 1546 983 1586 conatus.
1079 1538 1211 1587 Cum
1254 1535 1305 1586 id
1353 1554 1454 1586 non
1500 1537 1776 1604 potuisset,

108 1613 383 1666 Dodonam
420 1615 635 1667 adortus
673 1626 763 1667 est.
852 1616 986 1667 Hinc
1025 1635 1231 1684 quoque
1272 1617 1506 1685 repulsus
1544 1617 1681 1667 dixit
1720 1635 1778 1668 se

108 1706 231 1748 vota
256 1698 553 1764 suscepisse,
583 1715 715 1765 quae
746 1698 855 1749 Iovi
893 1698 1169 1749 Hammoni
1199 1699 1436 1760 solveret,
1468 1700 1777 1749 existimans

107 1794 161 1829 se
197 1778 354 1830 Afros
390 1778 592 1830 facilius
627 1789 1005 1847 corrupturum.
1090 1780 1197 1830 liae
1233 1798 1321 1847 spe
1357 1798 1471 1831 cum
1511 1781 1776 1848 profectus

107 1868 244 1912 esset
269 1860 321 1911 in
350 1861 596 1923 Africam,
620 1860 844 1912 multum
867 1879 985 1912 eum
1005 1862 1268 1912 antistites
1298 1862 1434 1912 Iovis
1456 1862 1775 1913 fefellerunt.

180 1940 317 1994 Nam
357 1960 460 1994 nou
498 1942 664 1994 solum
705 1944 962 2010 corrumpi
1005 1961 1105 1993 non
1148 1953 1444 2010 potuerunt,
1486 1943 1572 1992 sed
1615 1944 1776 1994 etiam

110 2021 309 2092 legatos
348 2022 785 2076 Lacedaemonem
825 2025 1092 2084 miserunt,
1134 2026 1221 2091 qui
1268 2024 1591 2091 Lysandrum
1631 2043 1777 2076 accu-

108 2112 298 2167 samnt,
339 2104 480 2172 quod
518 2104 810 2157 sacerdotes
849 2105 953 2156 fani
997 2124 1323 2174 eorrumpere
1365 2117 1580 2155 conatus
1621 2115 1776 2157 esset..

108 2185 399 2237 Accusatus
433 2185 527 2237 hoc
562 2187 777 2237 crimine
814 2186 1146 2254 iudicumque
1182 2187 1450 2238 absolutus
1482 2188 1774 2250 sententiis,

110 2264 470 2319 Orchomeniis
496 2267 681 2318 missus
708 2267 939 2318 subsidio
965 2269 1160 2318 occisus
1188 2279 1266 2318 est
1291 2288 1320 2317 a
1346 2268 1607 2319 Thebanis
1633 2269 1776 2336 apud

111 2345 423 2399 Haliartum.
500 2348 667 2413 Quam
711 2366 829 2399 vere
871 2348 937 2399 de
980 2366 1042 2399 eo
1083 2349 1217 2399 foret
1263 2349 1562 2410 iudiffltum,
1606 2351 1778 2400 oratio

109 2427 302 2481 indicio
331 2428 447 2491 fuit,
476 2446 609 2498 quae
642 2440 758 2498 post
790 2440 1009 2480 mortem
1045 2431 1096 2480 in
1127 2430 1283 2481 domo
1308 2431 1418 2481 eius
1446 2441 1650 2498 reperta
1676 2440 1775 2493 est,

107 2507 164 2560 in
185 2525 294 2577 qua
317 2508 504 2562 suadet·
530 2509 961 2571 Lacedaemoniun
987 2522 1046 2561 ut
1069 2512 1208 2579 regia
1236 2521 1494 2579 potestate
1519 2511 1777 2562 dissoluta

108 2605 175 2642 ex
204 2589 445 2643 omm'bus
473 2589 583 2643 dux
613 2590 879 2660 deligatur
911 2592 976 2642 ad
1013 2592 1205 2643 bellum
1239 2592 1540 2661 gerendum,
1577 2593 1664 2644 sed
1701 2594 1777 2643 sic

108 2669 315 2739 σαίρω,
355 2679 418 2723 ut
452 2670 609 2724 deum
649 2672 916 2724 videretur
953 2691 1235 2741 congruere
1273 2675 1576 2732 sententiae,
1614 2692 1775 2741 quam

109 2748 197 2803 ille
232 2768 289 2804 so
322 2750 624 2804 habiturum
659 2754 876 2822 pecunia
911 2753 1074 2805 fidens
1114 2772 1215 2805 non
1252 2754 1543 2805 dubitabat.
1625 2755 1776 2806 Hanc

108 2831 157 2885 ei
181 2832 445 2901 scripsisse
469 2832 631 2886 Cleon
660 2833 1071 2886 Halicarnassius
1096 2834 1301 2886 dicitur.

177 2911 229 2966 4.
267 2913 447 2982 Atque
465 2913 562 2966 hoc
582 2913 694 2968 loco
715 2932 818 2967 non
837 2924 918 2967 est
939 2915 1375 2984 praetereundum
1398 2916 1592 2967 factum
1614 2915 1783 2968 Phar·
