1971 3101
221 106 277 147 32
801 114 1009 145 coam-:m
1016 113 1070 145 t's
1106 114 1265 145 NEPOS.

219 232 458 297 coniungi
484 231 637 296 cupit.
715 231 893 293 Quare,
917 232 958 280 si
985 232 1077 281 tibi
1105 231 1322 293 videtur,
1344 229 1433 281 des
1458 231 1504 280 ei
1529 230 1684 280 filiam
1703 239 1845 282 tuam

221 321 452 376 nuptum.
531 309 591 359 Id
618 311 658 359 si
690 310 879 371 feceris,
911 319 962 360 et
989 310 1225 376 Spartam
1253 319 1303 359 et
1334 316 1554 360 ceteram
1579 309 1844 361 Graeciam

219 390 313 439 sub
339 399 481 438 tuam
507 398 814 454 potestatem
841 407 893 439 se
918 389 1193 438 adiuvante
1220 398 1272 438 te
1297 387 1623 438 redacturum
1649 389 1846 456 pollice-

220 481 316 518 tur.
397 469 490 517 His
511 468 574 517 de
595 468 744 518 rebus
766 469 806 517 si
834 468 957 534 quid
978 469 1085 535 geri
1108 468 1341 529 volueris,
1367 476 1562 518 certum
1587 469 1845 519 hominem

217 548 282 598 ad
310 565 426 598 eum
453 548 627 596 mittas
654 547 774 608 face,
805 565 919 597 cum
945 565 1047 612 quo
1073 547 1422 613 colloquatur.'

310 632 399 677 {ex
456 636 535 677 tot
595 627 858 677 hominum
920 626 1082 676 salute
1140 635 1246 676 tam
1300 628 1395 677 sibi
1450 628 1845 678 necessariorum

218 724 522 773 magnopere
564 707 769 772 gavisus
812 707 1080 756 confestim
1123 724 1237 756 cum
1277 707 1496 773 epistula
1532 707 1845 757 Artabazum

217 786 282 835 ad
323 787 625 835 Pausaniam
666 786 842 846 mittit,
885 787 936 834 in
977 803 1077 851 qua
1117 804 1232 836 eum
1270 786 1525 836 collaudat
1538 806 1550 848 ;
1597 787 1740 853 petit,
1783 803 1844 836 ne

218 866 296 915 cui
348 866 418 914 rei
469 875 641 931 parcat
689 866 753 914 ad
805 883 861 914 ea
911 865 1183 926 efficienda,
1229 883 1359 930 quae
1406 866 1751 932 polliceretur:
1803 865 1844 914 si

218 945 498 1011 perfecerit,
547 945 733 994 nullius
779 946 848 995 rei
892 963 922 994 a
964 962 1015 995 se
1060 945 1312 1010 repulsam
1356 945 1594 994 laturum.
1677 944 1846 994 Huius

219 1025 494 1073 Pausanias
531 1025 794 1074 voluntate
834 1025 1035 1091 cognita
1072 1025 1284 1074 alacrior
1319 1024 1384 1073 ad
1424 1041 1528 1074 rem
1570 1023 1845 1090 gerendam

218 1105 395 1164 faetus,
438 1105 488 1152 in
530 1105 865 1170 suspicionem
904 1104 1085 1154 cecidit
1129 1104 1657 1154 Lacedaemoniorum.
1734 1103 1846 1165 Quo

219 1183 353 1231 fausto
403 1182 609 1231 domum
668 1192 946 1243 revocatus,
999 1191 1262 1232 accusatus
1311 1182 1491 1249 capitis
1546 1181 1841 1242 absolvitur,

218 1262 469 1311 multatur
509 1273 677 1312 tamen
720 1263 954 1328 pecunia:
1003 1280 1155 1328 quam
1194 1263 1258 1312 ob
1294 1279 1496 1312 causam
1532 1260 1597 1310 ad
1637 1260 1844 1310 classem

221 1343 454 1391 remissus
483 1360 581 1391 non
609 1351 698 1391 est.

289 1423 334 1472 3.
376 1424 444 1470 At
490 1422 572 1471 ille
611 1431 724 1487 post
770 1439 869 1471 non
915 1421 1078 1471 multo
1116 1439 1205 1470 sua
1243 1429 1423 1486 sponte
1460 1419 1526 1470 ad
1563 1420 1844 1470 exercitum

222 1501 369 1550 rediit
411 1511 461 1550 et
506 1502 572 1550 ibi
620 1519 718 1551 non
758 1501 953 1561 callida,
994 1500 1082 1550 sed
1123 1501 1347 1550 dementi
1389 1501 1584 1550 ratione
1622 1499 1844 1566 cogitata

221 1581 472 1646 patefecit.
558 1581 673 1630 Non
719 1582 851 1630 enim
898 1599 1062 1630 mores
1104 1580 1295 1646 patrios
1338 1579 1514 1640 solum,
1562 1578 1650 1629 sed
1691 1578 1844 1628 ctiam

219 1661 412 1708 vultum
441 1661 785 1725 vestitumque
817 1661 1050 1710 mutavit.
1130 1660 1395 1725 Apparatu
1422 1659 1560 1725 regio
1586 1658 1840 1719 utebatur,

221 1751 359 1788 veste
398 1740 620 1800 Medica,
658 1740 901 1789 satellites
942 1739 1077 1789 Medi
1113 1748 1165 1789 et
1196 1739 1441 1805 Aegyptii
1477 1738 1821 1804 sequebantur
1833 1756 1846 1799 ς

220 1819 521 1884 epulabatur
538 1837 674 1868 more
695 1820 961 1868 Persarum
981 1819 1305 1879 luxuriosius,
1324 1835 1493 1883 quam,
1511 1818 1598 1883 qui
1615 1816 1842 1878 aderant,

222 1899 414 1963 perpeti
460 1907 676 1964 possent.
768 1898 983 1948 Aditum
1028 1899 1320 1964 petentibus
1360 1897 1701 1948 conveniundi
1744 1914 1844 1947 non

218 1978 386 2037 dabat,
416 1978 629 2043 superbe
658 1978 1007 2044 respondebat,
1037 1977 1311 2028 crudeliter
1336 1976 1631 2043 imperabat.
1699 1976 1844 2042 Spar-

221 2068 323 2105 tam
364 2057 525 2106 redire
566 2058 790 2107 nolebat:
836 2058 1065 2118 Celonas,
1101 2058 1186 2123 qui
1228 2057 1365 2108 loeus
1402 2057 1453 2106 in
1491 2072 1616 2123 agro
1647 2055 1844 2106 Troade

220 2147 308 2195 est,
357 2156 407 2185 se
453 2137 762 2195 contulerat;
819 2138 885 2186 ibi
937 2137 1144 2186 consilia
1186 2153 1301 2187 cum
1352 2135 1546 2202 patriae
1589 2143 1699 2185 tum
1748 2135 1843 2184 sibi

222 2216 421 2265 inimica
448 2217 689 2281 capiebat.
759 2217 813 2266 1‹1
844 2226 1110 2282 postquam
1140 2215 1521 2266 Lacedaemonii
1550 2214 1841 2275 rescierunt,

222 2295 413 2357 legatos
440 2313 551 2344 euin
580 2296 721 2345 elava
745 2295 808 2344 acl
837 2313 951 2345 eum
979 2296 1241 2355 miserunt,
1273 2295 1324 2344 in
1350 2309 1451 2359 qua
1476 2310 1614 2343 more
1640 2291 1844 2343 illorum

221 2384 328 2423 erat
363 2375 628 2440 seriptum:
670 2376 761 2424 nisi
798 2375 1004 2425 ‹lonuun
1042 2381 1396 2434 reverteretur,
1429 2389 1482 2423 se
1515 2372 1694 2439 capitis
1729 2389 1844 2422 cum

220 2454 563 2503 ‹laniuntur-os.
645 2455 750 2504 lloe
793 2456 972 2504 nuntio
1011 2462 1307 2514 commotus,
1348 2469 1555 2519 sperans
1597 2470 1650 2503 se
1690 2453 1843 2503 etiam

223 2544 330 2582 tum
378 2534 587 2599 pecunia
632 2544 683 2583 et
733 2534 960 2599 potentia
1005 2535 1197 2582 instans
1248 2531 1526 2599 periculum
1577 2549 1721 2598 posse
1763 2531 1844 2582 de-

224 2613 418 2678 pellere,
448 2613 653 2662 ‹lonuun
685 2613 846 2661 rediit.

295 2691 405 2741 lluc
444 2700 501 2740 ut
540 2692 692 2751 venit,
733 2691 797 2739 ab
835 2691 1035 2757 ephoris
1082 2690 1131 2740 in
1173 2690 1337 2740 vincla
1379 2689 1581 2757 publica
1617 2698 1695 2741 est
1733 2707 1844 2740 con-

224 2770 393 2819 iectus
451 2770 591 2819 Licet
611 2770 744 2820 enim
768 2770 961 2837 legibus
982 2787 1155 2820 corum
1178 2769 1338 2820 cuivis
1358 2768 1548 2836 ephoro
1568 2768 1660 2820 hoc
1682 2768 1843 2820 facere

224 2849 342 2915 regi.
409 2849 541 2898 Hinc
573 2858 742 2898 tamen
775 2866 826 2899 se
857 2847 1120 2915 expedivit
1131 2868 1144 2910 ;
1182 2864 1346 2915 neque
1371 2864 1431 2899 eo
1455 2847 1617 2916 magis
1641 2846 1845 2899 carebat
