2004 3165
796 66 1076 98 HANNIBAL.
1720 57 1774 98 61

103 189 414 258 Saguntum,
470 188 792 241 foederatam
843 188 1126 250 civitatem,
1176 189 1228 238 vi
1275 189 1600 256 expugnavit
1614 208 1626 251 3
1675 197 1780 239 tres

103 271 364 323 exercitus
392 272 646 322 maximos
673 271 1007 338 comparavit.
1062 270 1143 320 Ex
1170 270 1250 321 his
1276 288 1440 321 unum
1467 271 1521 320 in
1549 270 1781 321 Africam

102 354 259 416 misit,
281 352 508 404 alterum
529 371 647 403 cum
670 352 1000 404 Hasdrubale
1021 352 1182 404 fratre
1204 353 1258 402 in
1280 352 1534 420 Hispania
1552 351 1777 418 reliquit,

103 436 323 486 tertium
373 435 428 486 in
475 435 683 486 Italiam
728 453 902 486 secum
947 434 1116 486 duxit.
1202 435 1406 486 Saltum
1452 434 1781 501 Pyrenaeum

103 517 328 568 transiit.
427 516 764 584 Quacumque
815 517 916 567 iter
967 516 1103 579 fecit,
1152 535 1270 567 cum
1316 517 1557 568 omnibus
1602 516 1782 566 incolis

103 599 363 651 conflixit:
391 600 654 650 neminem
675 599 773 649 nisi
793 599 990 649 victum
1008 598 1223 651 dimisit.
1299 599 1385 649 Ad
1407 599 1567 667 Alpes
1586 607 1784 666 postea·

103 699 261 749 quam
282 681 442 743 venit,
468 699 601 748 quae
630 681 839 732 Italiam
860 681 926 731 ab
947 680 1118 732 Gallia
1145 681 1442 749 seiungunt,
1474 699 1603 748 quas
1631 698 1784 731 nenio

103 781 355 830 umquam
413 781 532 813 cum
590 765 824 815 exercitu
882 771 1005 814 ante
1063 781 1182 814 eum
1240 772 1446 830 praeter
1502 762 1785 814 Herculem

103 844 324 896 Graium
363 846 657 907 transierat,
696 863 800 912 quo
839 846 977 896 facto
1011 845 1052 895 is
1088 845 1240 896 hodie
1275 845 1438 895 saltus
1477 845 1668 896 Graius
1701 863 1786 911 ap-

103 926 343 995 pellatur,
386 926 598 995 Alpicos
644 938 891 978 conantes
931 927 1205 994 prohibere
1256 928 1484 978 transitu
1534 926 1761 978 concidit
1775 946 1787 989 3

104 1009 214 1060 loca
256 1008 520 1077 patefecit,
564 1010 753 1060 itinera
795 1010 999 1071 muniit,
1044 1010 1226 1071 effecit,
1271 1018 1333 1060 ut
1374 1027 1433 1060 ea
1475 1009 1785 1077 elephantus

104 1100 321 1143 ornatus
362 1091 437 1142 ire
482 1100 670 1159 posset,
715 1109 817 1159 qua
861 1101 1016 1142 antea
1059 1110 1194 1141 unus
1240 1091 1396 1143 homo
1437 1092 1650 1142 inermis
1696 1091 1786 1141 vix

104 1182 312 1242 poterat
344 1191 536 1242 repere.
618 1174 729 1224 Hac
766 1175 938 1242 copias
975 1173 1213 1224 traduxit
1250 1175 1302 1225 in
1336 1174 1650 1241 Italiamque
1678 1191 1788 1241 per-

105 1257 266 1308 venit.

174 1338 222 1390 4.
266 1337 590 1390 Conflixerat
652 1338 793 1406 apud
861 1338 1173 1390 Rhodanum
1237 1357 1355 1390 cum
1419 1340 1475 1390 P.
1543 1338 1787 1390 Cornelio

104 1420 346 1489 Scipione
395 1420 604 1472 consule
650 1438 873 1488 eumque
919 1421 1205 1489 pepulerat.
1284 1422 1416 1473 Cum
1463 1422 1557 1472 hoc
1604 1420 1787 1472 eodem

104 1502 328 1555 Clastidi
359 1502 502 1571 apud
537 1503 742 1554 Padum
773 1503 1007 1555 decernit
1044 1505 1380 1571 sauciumque
1408 1503 1529 1555 inde
1555 1522 1613 1554 ac
1645 1503 1789 1571 fuga-

105 1593 221 1636 tum
258 1584 499 1637 dimittit.
578 1585 758 1637 Tertio
794 1586 934 1637 idem
973 1586 1146 1654 Scipio
1185 1605 1302 1638 cum
1342 1586 1538 1655 collega
1577 1586 1787 1636 Tiberio

105 1666 287 1736 Longo
331 1667 473 1735 apud
519 1667 762 1719 Trebiam
808 1668 1058 1720 adversus
1101 1686 1219 1719 eum
1266 1669 1422 1719 venit.
1529 1667 1662 1719 Cum
1708 1667 1788 1718 his

104 1769 320 1802 manum
364 1752 641 1814 conseruit,
690 1760 940 1819 utrosque
993 1752 1305 1819 profligavit.
1386 1750 1516 1802 Inde
1566 1769 1659 1818 per
1709 1750 1789 1801 Li-

103 1851 261 1902 gures
287 1833 628 1901 Apenninum
656 1834 866 1885 transiit
894 1844 1076 1902 petens
1105 1833 1385 1884 Etruriam.
1458 1833 1573 1884 Hoc
1601 1834 1787 1883 itinere

104 1914 236 1966 adeo
260 1915 410 1984 gravi
437 1916 620 1968 morbo
645 1917 867 1966 afficitur
894 1917 1174 1977 oculorum,
1206 1925 1266 1966 ut
1293 1924 1474 1983 postea
1500 1933 1788 1982 numquam

105 1995 296 2048 dextro
320 2014 486 2065 aeque
513 1997 645 2048 bene
672 2015 796 2048 usus
824 1998 905 2048 sit.
986 2002 1098 2061 Qua
1127 1996 1429 2047 valetudine
1462 2014 1577 2047 cum
1611 1997 1789 2048 etiam-

107 2097 234 2130 num
267 2087 594 2147 premeretur
629 2079 913 2147 lecticaque
949 2080 1187 2142 ferrctur,
1228 2079 1283 2131 C.
1322 2079 1639 2130 Flaminium
1675 2096 1790 2129 con-

106 2161 274 2213 sulem
310 2161 452 2230 apud
490 2161 871 2213 Trasumenum
913 2180 1029 2213 cum
1067 2162 1302 2213 exercitu
1338 2161 1541 2212 insidiis
1577 2161 1790 2211 circum-

107 2251 326 2296 ventum
343 2244 546 2307 occidit,
568 2262 735 2312 neque
755 2245 923 2295 multo
941 2254 1059 2312 post
1081 2244 1135 2295 C.
1159 2243 1472 2295 Centenium
1494 2253 1789 2311 praetorem

107 2343 226 2377 cum
251 2325 454 2377 delecta
480 2344 639 2377 manu
667 2327 831 2378 saltus
860 2324 1213 2394 occupantem.
1296 2325 1431 2376 Hinc
1460 2326 1512 2376 in
1540 2326 1789 2393 Apuliam

108 2408 362 2476 pervenit.
423 2407 503 2459 Ibi
531 2409 740 2460 obviam
768 2409 813 2460 ei
843 2418 1100 2459 venerunt
1120 2408 1229 2458 duo
1250 2407 1499 2470 consuleS‚
1525 2406 1580 2459 C.
1603 2407 1790 2458 Teren-

107 2490 214 2542 tius
253 2497 308 2541 et
349 2489 405 2541 L.
454 2491 725 2543 Aemilius,
805 2490 1097 2557 Utriusque
1139 2490 1399 2540 exercitus
1444 2507 1550 2541 uno
1594 2489 1790 2557 proelio

107 2571 327 2642 fugavit,
376 2572 601 2624 Paulum
647 2573 912 2625 consulem
958 2571 1146 2623 occidit
1186 2581 1239 2623 et
1275 2571 1478 2639 aliquot
1521 2581 1790 2640 praeterea

106 2654 416 2719 consulareS,
448 2655 502 2706 in
530 2654 611 2706 his
638 2653 731 2707 Cn.
764 2654 1044 2706 Servilium
1080 2654 1375 2715 Geminum,
1406 2654 1496 2721 qui
1523 2654 1790 2722 superiore

105 2753 246 2788 anno
273 2736 448 2788 fuerat
475 2736 669 2788 consul.

178 2817 224 2870 5.
270 2818 384 2870 Hac
430 2836 607 2888 pugna
652 2826 885 2886 pugnata
931 2817 1150 2868 Romam
1203 2816 1467 2885 profectus
1513 2826 1592 2868 est
1644 2817 1791 2868 nullo

108 2899 400 2953 resistente.
481 2900 544 2953 In
585 2900 894 2969 propinquis
939 2899 1057 2950 urbi
1102 2899 1370 2951 montibus
1415 2909 1650 2951 moratus
1693 2908 1787 2950 est.
