2004 3165
849 75 1126 109 HANmBAL.
1771 68 1830 110 63

219 196 265 250 7.
297 195 431 248 Cum
457 197 511 247 in
537 209 838 264 apparando
863 215 1112 248 acerr1me
1142 207 1278 248 esset
1298 207 1593 265 occupatus,
1616 198 1830 249 Cartha-

144 279 406 348 ginienses
433 277 629 329 bellum
656 295 774 328 cum
800 278 1052 330 Romanis
1073 288 1493 346 composuerunt.
1551 280 1644 331 Ille
1666 280 1830 332 nihilo

145 361 309 412 setius
349 360 603 411 exercitui
644 370 824 427 postea
868 361 1098 428 praefuit
1136 378 1323 428 resque
1361 362 1415 411 in
1453 361 1633 412 Africa
1667 363 1830 430 gessit

147 440 403 512 [itemque
446 441 618 510 Mago,
657 441 820 492 frater
858 441 1008 512 eius,]
1048 460 1214 509 usque
1245 442 1313 493 ad
1352 443 1408 494 P.
1446 443 1735 510 Sulpicium
1770 443 1824 495 C.

145 523 423 575 Aurelium
451 523 702 575 consules
783 524 881 574 His
913 525 1052 575 enim
1083 525 1480 594 magistratibus
1514 525 1672 593 legati
1710 526 1829 576 Car-

144 605 500 674 thaginienses
547 607 768 656 Romam
811 616 1081 669 venerunt,
1131 608 1219 674 qui
1273 608 1477 658 senatui
1530 607 1828 674 populoque

144 687 383 739 Romano
419 689 617 757 gratias
656 698 886 756 agerent,
923 689 1064 755 quod
1103 707 1221 739 cum
1260 690 1322 739 iis
1355 707 1534 757 pacem
1567 689 1824 752 fecissent,

143 769 210 821 ob
260 787 481 840 eamque
526 788 637 821 rem
685 789 876 821 corona
919 788 1078 821 aurea
1122 790 1207 822 eos
1258 771 1519 822 donarent
1569 772 1828 839 simulque

142 859 398 920 peterent,
447 861 510 903 ut
553 853 760 904 obsides
807 871 986 904 60111111
1031 853 1282 922 Fregellis
1321 864 1495 905 essent
1530 856 1828 922 captivique

142 933 506 987 redderentur.
585 935 685 987 His
724 953 791 987 ex
829 946 1040 986 senatus
1086 936 1325 987 consulto
1371 937 1678 1006 responsum
1725 946 1827 988 est:

142 1035 334 1069 munus
372 1035 556 1070 eorum
598 1017 811 1087 gratuni
852 1028 1230 1086 acceptumque
1276 1037 1412 1083 esse3
1461 1019 1683 1083 obsides,
1725 1038 1829 1087 quo

143 1098 256 1151 loco
299 1111 562 1169 rogarent,
611 1100 845 1163 futuros3
889 1103 1123 1169 captivos
1170 1120 1274 1152 non
1319 1103 1638 1165 remissuros,
1688 1103 1830 1170 quod

144 1181 512 1246 Hannibalem,
544 1183 691 1234 cuius
727 1201 883 1251 opera
918 1194 1218 1251 susceptum
1250 1185 1446 1235 bellum
1481 1185 1632 1248 foret,
1663 1185 1830 1236 inimi-

144 1264 410 1315 cissimum
443 1266 643 1316 nomini
684 1266 934 1329 Romano,
967 1267 1267 1318 etiamnunc
1296 1285 1414 1317 611111
1441 1268 1662 1335 imperio
1687 1268 1829 1336 apud

144 1346 435 1397 exercitum
463 1347 718 1398 haberent
743 1349 977 1415 itemque
1008 1349 1225 1399 fratrem
1253 1350 1363 1400 eius
1393 1350 1689 1418 Magonem.

215 1428 331 1479 Hoc
383 1447 634 1497 responso
691 1429 1151 1498 Carthaginienses
1211 1432 1422 1500 cognito
1475 1432 1828 1484 Hannibalem

139 1509 361 1562 'domum
406 1520 459 1563 et
506 1511 790 1580 Magonem
836 1522 1162 1564 revocarunt.
1250 1514 1367 1564 Huc
1414 1523 1474 1564 ut
1520 1515 1689 1578 rediit,
1735 1534 1829 1566 rex

143 1591 316 1644 factus
356 1602 450 1656 est,
486 1603 765 1661 postquam
801 1595 1085 1662 imperator
1120 1596 1307 1657 fuerat,
1338 1615 1476 1647 anno
1512 1597 1740 1648 secundo
1776 1608 1829 1649 et

144 1675 406 1726 vicesimo.
499 1675 577 1726 Ut
631 1677 770 1727 enim
830 1677 1026 1728 Romae
1078 1679 1329 1742 consules,
1385 1680 1454 1729 sic
1508 1679 1827 1748 Carthagine

144 1758 428 1824 quotannis
453 1759 614 1809 annui
643 1759 751 1808 bini
780 1777 927 1827 reges
955 1760 1278 1811 creabantur.
1341 1760 1404 1811 In
1425 1779 1486 1812 eo
1513 1763 1827 1830 magistratu

145 1839 260 1906 pari
294 1839 572 1909 diligentia
609 1859 662 1892 se
696 1841 961 1891 Hannibal
995 1842 1250 1909 praebuit,
1287 1861 1344 1893 ac
1381 1843 1555 1894 fuerat
1587 1845 1640 1894 in
1673 1844 1820 1896 bello.

145 1920 389 1989 Namque
416 1923 599 1983 effecit,
631 1941 696 1974 ex
724 1924 872 1973 novis
901 1925 1244 1992 vectigalibus
1273 1943 1376 1976 non
1404 1926 1575 1976 solum
1603 1936 1665 1977 ut
1690 1936 1827 1978 esset

144 2004 378 2070 pecunia,
412 2021 546 2071 quae
574 2005 824 2056 Romanis
852 2023 916 2055 ex
944 2005 1152 2056 foedere
1186 2006 1517 2073 penderetur,
1549 2007 1639 2058 sed
1667 2009 1826 2059 etiam

144 2095 452 2152 superesset,
488 2104 622 2154 quae
662 2088 715 2137 in
754 2088 952 2138 aerario
991 2097 1343 2155 reponeretur.
1423 2089 1626 2140 Deinde
1667 2089 1826 2159 [anno

143 2174 265 2234 post
301 2167 623 2239 praeturam]
664 2169 733 2220 M.
775 2168 994 2220 Claudio
1032 2169 1086 2219 L.
1125 2169 1283 2220 Furio
1317 2171 1617 2221 consulibus
1658 2172 1825 2223 Roma

144 2247 304 2318 legati
339 2248 713 2319 Carthaginem
752 2259 1021 2301 venerunt.
1104 2251 1213 2301 Hos
1257 2252 1519 2302 Hannibal
1560 2263 1704 2304 ratus
1745 2255 1824 2305 sui

144 2331 458 2398 exposcendi
493 2333 664 2401 gratia
697 2334 891 2394 missos,
923 2333 1227 2400 priusquam
1260 2334 1321 2384 iis
1354 2345 1566 2385 senatus
1592 2335 1820 2400 daretur,

143 2430 333 2464 navem
376 2414 614 2466 ascendit
657 2415 789 2466 clam
834 2423 993 2481 atque
1038 2416 1091 2464 in
1137 2415 1344 2482 Syriam
1389 2415 1455 2466 ad
1501 2418 1824 2469 Antiochum

142 2494 393 2564 profugit.
473 2495 588 2547 Hac
626 2514 681 2547 re
720 2496 889 2564 palam
931 2496 1067 2547 facta
1108 2497 1268 2547 Poeni
1311 2515 1470 2548 naves
1507 2498 1650 2560 duas,
1692 2517 1824 2566 quae

143 2594 265 2629 eum
314 2578 830 2647 comprehenderent,
885 2579 925 2628 si
979 2588 1191 2645 possent
1238 2581 1500 2646 consequi,
1549 2582 1819 2644 miserunt,

142 2659 280 2710 bona
305 2660 418 2711 eius
444 2660 793 2729 publicarunt,
815 2660 1029 2710 domum
1056 2679 1086 2710 a
1107 2660 1465 2712 fundamentis
1487 2661 1819 2727 disiecerunt,

142 2740 316 2809 ipsum
343 2742 553 2794 exulem
581 2741 895 2793 iudicarunt.

212 2822 258 2875 8.
301 2822 378 2874 At
428 2823 694 2875 Hannibal
743 2841 881 2873 anno
931 2832 1132 2890 quarto,
1176 2832 1454 2891 postquam
1504 2825 1661 2877 domo
1711 2844 1824 2894 pro·

141 2903 366 2974 fugerat,
401 2905 458 2957 L.
488 2904 731 2958 Cornelio
763 2905 820 2969 Q.
856 2905 1087 2956 Minucio
1118 2906 1432 2968 consulibus,
1463 2924 1580 2958 cum
1613 2921 1651 2958 v
1682 2909 1823 2959 navi-
