1971 3101
173 138 230 179 80
760 145 1030 176 CORNELIUS
1066 145 1229 176 NEPOS.

172 285 326 333 quam
375 277 436 315 ut
485 283 640 331 quam
689 264 938 331 plurimis,
993 265 1180 330 quibus
1229 265 1384 315 rebus
1440 272 1627 331 posset,
1682 274 1815 317 esset

171 347 379 396 auxilio.
459 346 590 396 Cum
615 346 930 411 proscriptos
957 345 1195 411 praemiis
1227 346 1602 411 imperatorum
1628 346 1813 414 vulgus

172 427 509 492 conquireret,
541 443 690 476 nemo
718 427 771 474 in
798 426 1015 491 Epirum
1037 426 1192 486 venit,
1224 426 1306 474 cui
1333 442 1413 475 res
1439 425 1545 474 ulla
1571 425 1809 487 defuerit,

171 507 363 556 nemini
408 524 510 556 non
554 507 625 556 ibi
670 516 920 572 perpetuo
965 505 1209 555 manendi
1259 514 1489 572 potestas
1533 506 1669 555 facta
1713 514 1812 556 est:

171 588 260 653 qui
305 588 460 637 etiam
503 596 620 653 post
663 586 917 652 proelium
962 586 1293 652 Philippense
1339 587 1714 652 interitumque
1755 586 1808 636 C.

172 667 332 718 Cassii
373 677 425 717 et
467 668 536 716 M.
581 667 729 716 Bruti
772 666 826 715 L.
868 666 1059 715 Iulium
1104 666 1364 716 Mocillam
1405 667 1721 733 praetorium
1761 675 1813 716 et

171 749 333 797 filium
356 749 463 797 eius
485 748 783 812 Aulumque
806 747 1128 812 Torquatum
1149 756 1446 813 ceterosque
1466 748 1578 814 pari
1604 747 1813 797 fortuna

170 829 426 894 perculsos
479 828 767 877 instituerit
817 828 953 876 tueri
998 836 1154 892 atque
1199 845 1263 877 ex
1312 828 1468 894 Epiro
1519 827 1597 877 his
1642 828 1812 877 omnia

172 909 577 959 Samothraciam
619 908 913 975 support-ari
953 908 1171 957 iusserit.
1263 908 1481 958 Difficile
1523 916 1601 958 est
1640 909 1813 958 omnia

169 990 407 1056 persequi
458 999 510 1039 et
569 1007 671 1039 non
721 990 1076 1039 necessarium.
1177 988 1315 1038 Illud
1363 1006 1527 1038 unum
1581 988 1813 1055 intellegi

170 1071 419 1131 volumus,
456 1070 592 1119 illius
633 1070 996 1120 liberalitatem
1036 1087 1202 1136 neque
1243 1070 1607 1135 temporariam
1647 1085 1813 1134 neque

171 1151 406 1201 callidam
432 1152 603 1201 fuisse.
664 1151 725 1200 Id
753 1169 816 1200 ex
842 1152 964 1217 ipsis
991 1151 1142 1200 rebus
1167 1168 1224 1200 ac
1252 1150 1569 1216 temporibus
1597 1149 1810 1198 iudicari

170 1243 353 1298 potest,
397 1232 535 1297 quod
572 1249 675 1281 non
714 1232 1016 1281 florentibus
1056 1248 1107 1280 se
1139 1230 1444 1291 venditavit,
1487 1229 1577 1279 sed
1613 1229 1812 1278 afflictis

170 1330 368 1378 semper
403 1312 677 1374 succurrit,
721 1312 810 1377 qui
844 1312 1055 1377 quidem
1093 1311 1376 1372 Serviliam,
1407 1310 1559 1360 Bruti
1596 1318 1814 1359 matrem

170 1411 271 1442 non
298 1394 466 1442 minus
493 1403 609 1459 post
635 1403 856 1442 mortem
883 1393 991 1442 eius
1019 1409 1174 1458 quam
1199 1392 1471 1441 florentem
1497 1390 1726 1441 coluerit.

240 1474 320 1523 Sic
366 1474 675 1523 liberalitate
721 1481 872 1523 utens
911 1473 1077 1522 nullas
1118 1473 1414 1521 inimicitias
1457 1472 1632 1539 gessit,
1675 1470 1814 1537 quod

170 1572 334 1620 neque
356 1554 591 1603 laedebat
609 1571 920 1620 quemquam
942 1570 1120 1619 neque,
1142 1553 1182 1602 si
1204 1570 1360 1618 quam
1382 1553 1626 1602 iniuriam
1645 1569 1815 1618 accep-

169 1645 291 1695 erat,
314 1653 416 1684 non
437 1635 659 1684 malebat
682 1634 914 1684 oblivisci
935 1651 1090 1699 quam
1111 1633 1297 1683 ulcisci.
1365 1633 1511 1683 Idem
1533 1632 1814 1682 immortali

170 1716 414 1765 memoria
453 1722 696 1781 percepta
728 1715 986 1764 retinebat
1023 1714 1268 1764 beneficia
1280 1734 1293 1776 ,-
1330 1731 1461 1779 quae
1492 1721 1668 1764 autem
1705 1714 1814 1780 ipse

168 1797 436 1857 tribuerat,
478 1805 586 1844 tam
625 1795 715 1844 diu
759 1795 1078 1855 meminerat,
1121 1794 1290 1860 quoad
1334 1794 1420 1844 ille
1463 1802 1643 1862 gratus
1687 1802 1810 1855 erat,

169 1878 257 1942 qui
284 1885 561 1942 acceperat.
623 1876 807 1941 Itaque
834 1875 914 1924 hic
942 1875 1076 1936 fecit,
1101 1883 1161 1924 ut
1181 1892 1302 1925 vere
1328 1874 1528 1924 dictum
1548 1873 1812 1924 videatur:

247 2012 260 2022 ,
309 1957 398 2007 Sui
427 1960 609 2022 cuique
634 1973 801 2006 mores
829 1956 1039 2022 fingunt
1065 1955 1329 2005 fortunam
1355 1955 1662 2005 hominibus.

171 2038 352 2103 Neque
374 2048 547 2087 tamen
574 2037 658 2087 ille
685 2037 826 2103 prius
854 2037 1116 2086 fortunam
1138 2054 1293 2102 quam
1319 2053 1372 2086 se
1398 2036 1507 2102 ipse
1534 2036 1699 2096 finxit,
1725 2035 1813 2100 qui

170 2119 318 2179 cavit,
350 2136 412 2168 ne
440 2136 541 2184 qua
569 2119 621 2167 in
647 2135 701 2168 re
728 2118 837 2167 iure
864 2117 1189 2184 plecteretur.

242 2199 318 2248 12.
363 2199 457 2247 His
492 2199 652 2265 igitur
678 2198 828 2247 rebus
864 2198 1042 2258 effecit,
1073 2205 1133 2246 ut
1170 2197 1239 2246 M.
1270 2196 1550 2263 Vipsanius
1582 2195 1814 2262 Agrippa

169 2279 352 2327 intima
386 2279 735 2327 familiaritate
763 2279 1065 2327 coniunctus
1098 2277 1414 2327 adulescenti
1450 2276 1668 2337 Caesari,
1699 2293 1815 2325 cum

170 2371 380 2425 propter
406 2377 547 2408 suam
581 2359 803 2426 gratiam
830 2368 882 2409 et
909 2358 1140 2409 Caesaris
1172 2358 1458 2424 potentiam
1485 2356 1676 2406 nullius
1703 2373 1814 2406 con-

170 2440 384 2489 dicionis
407 2457 507 2489 non
526 2440 739 2489 haberet
749 2447 1073 2505 potestatem,
1094 2439 1421 2505 potissimum
1440 2438 1547 2487 eius
1564 2436 1816 2504 deligeret

169 2521 471 2570 affinitatem
500 2528 930 2586 praeoptaretque
957 2521 1146 2586 equitis
1173 2518 1393 2569 Romani
1424 2517 1581 2567 filiam
1607 2535 1816 2585 genero-

171 2618 340 2649 sarum
369 2601 576 2666 nuptiis.
654 2601 829 2665 Atque
857 2600 1039 2649 harum
1066 2600 1366 2666 nuptiarum
1393 2598 1689 2648 conciliator
1714 2598 1816 2647 fuit

172 2682 295 2744 (non
347 2688 423 2730 est
473 2681 608 2730 enim
658 2680 949 2745 celandum)
1001 2680 1070 2729 M.
1125 2679 1398 2740 Antonius,
1451 2679 1693 2728 triumvir
1741 2678 1814 2728 rei

171 2760 416 2825 publicae.
495 2759 654 2810 Cuius
691 2761 859 2826 gratia
898 2778 1012 2808 cum
1038 2777 1226 2826 augere
1264 2759 1606 2826 possessiones
1643 2766 1816 2825 posset

171 2856 299 2900 suas,
331 2848 535 2888 tantum
570 2839 703 2888 afuit
729 2858 758 2888 a
794 2840 1077 2905 cupiditate
1111 2840 1370 2906 pecuniae,
1408 2846 1468 2888 ut
1500 2838 1641 2888 nulla
1674 2838 1727 2887 in
1761 2854 1814 2887 re

171 2936 293 2969 usus
332 2921 399 2969 sit
438 2938 494 2969 ea
533 2921 630 2969 nisi
668 2921 719 2969 in
758 2919 1091 2986 deprecandis
1128 2920 1409 2970 amicorum
1446 2926 1539 2969 aut
1574 2915 1814 2985 periculis
