1971 3101
230 110 288 150 86
815 112 1087 145 CORNELIUS
1121 106 1284 142 NEPOS.

231 236 546 289 existimabit
571 236 626 295 is,
651 234 739 299 qui
765 232 987 282 iudicare
1012 230 1216 296 poterit,
1246 234 1468 294 quantae
1494 226 1561 275 sit
1586 224 1865 291 sapientiae

232 335 406 368 eorum
432 316 651 365 retinere
672 331 821 362 usum
847 310 1374 373 benevolentiamque,
1403 307 1539 356 inter
1557 322 1684 370 quos
1709 303 1867 352 maxi-

230 415 431 447 marum
451 413 621 445 rerum
649 411 750 443 non
772 392 935 441 solum
961 390 1250 449 aemulatio,
1276 387 1363 438 sed
1391 384 1696 436 obtrectatio
1721 391 1867 432 tanta

232 476 595 535 intercedebat,
631 482 876 539 quantam
911 471 1012 519 fuit
1045 466 1311 537 [incidere]
1344 482 1545 516 necesse
1582 465 1718 513 inter
1748 462 1869 512 Cae-

234 576 396 607 sarem
431 565 586 621 atque
618 553 919 612 Antonium,
959 568 1073 599 cum
1112 565 1164 598 se
1198 556 1415 612 uterque
1449 544 1732 612 principem
1766 560 1868 592 non

234 639 398 688 solum
424 637 564 685 urbis
593 635 797 693 Romae,
829 631 918 681 sed
945 630 1080 680 orbis
1107 638 1361 678 terrarum
1389 643 1496 676 esse
1523 632 1743 690 cuperet.

304 718 384 768 21.
426 715 536 765 Tali
563 714 715 763 modo
742 730 856 761 cum
883 724 962 759 VII
991 718 1042 759 et
1069 722 1183 758 LXX
1209 724 1368 756 annos
1389 705 1689 771 complesset
1714 711 1870 768 atque

235 798 300 848 ad
351 805 634 847 extremam
685 798 1001 842 senectutem
1051 806 1154 838 non
1202 787 1371 836 minus
1420 785 1674 851 dignitate
1717 799 1872 848 quam

235 878 401 945 gratia
422 877 729 938 fortunaque
752 872 993 921 crevisset
1015 868 1225 935 (multas
1247 867 1381 916 enim
1401 864 1713 915 hereditates
1733 861 1874 912 nulla

237 959 334 1007 alia
362 974 414 1006 re
443 972 596 1021 quam
627 953 858 1003 bonitate
886 956 1187 1000 consecutus
1219 948 1318 1011 est)
1350 953 1598 1010 tantaque
1629 943 1875 1010 prosperi-

239 1048 345 1087 tate
380 1054 502 1086 usus
535 1042 667 1084 esset
698 1031 1023 1090 valetudinis,
1062 1036 1121 1077 ut
1151 1027 1298 1077 annis
1333 1038 1457 1074 XXX
1490 1024 1742 1074 medicina
1773 1040 1876 1072 non

239 1118 558 1184 indiguisset,
602 1123 780 1163 nactus
818 1120 896 1161 est
933 1109 1183 1169 morbum,
1225 1124 1377 1172 quem
1414 1105 1565 1154 initio
1592 1112 1643 1154 et
1679 1105 1786 1170 ipse
1825 1110 1877 1152 et

240 1198 423 1248 medici
464 1200 894 1260 contempserunt.
978 1190 1114 1240 Nam
1153 1194 1406 1254 putarunt
1446 1203 1554 1236 esse
1593 1192 1874 1243 tenesmon,

241 1280 320 1328 cui
362 1276 584 1327 remedia
629 1273 809 1323 celeria
853 1271 1122 1335 faciliaque
1162 1267 1593 1334 proponebantur.
1684 1263 1745 1313 In
1784 1263 1878 1312 hoc

243 1376 357 1408 cum
390 1368 495 1406 tres
526 1371 722 1405 menses
757 1353 865 1401 sine
898 1351 1016 1400 ullis
1048 1348 1324 1408 doloribus,
1362 1353 1720 1413 praeterquam
1753 1359 1880 1409 quos

245 1457 308 1488 ex
352 1437 612 1486 curatione
653 1433 898 1499 capiebat,
947 1429 1356 1494 consumpsisset,
1401 1427 1572 1476 subito
1615 1432 1761 1474 tanta
1803 1423 1881 1472 vis

244 1518 407 1568 morbi
435 1518 487 1565 in
514 1517 673 1564 imum
700 1513 1004 1562 intestinum
1029 1509 1278 1576 prorupit,
1309 1516 1368 1558 ut
1394 1514 1626 1557 extremo
1652 1512 1883 1569 tempore

246 1617 335 1665 per
373 1597 572 1646 lumbos
610 1593 809 1643 fistulae
847 1592 988 1658 puris
1027 1590 1303 1656 eruperint.
1381 1587 1555 1652 Atque
1592 1585 1686 1634 hoc
1725 1584 1884 1650 prius-

247 1696 400 1744 quam
428 1677 470 1726 ei
511 1674 775 1733 accideret,
817 1680 1091 1738 postquam
1130 1670 1182 1718 in
1220 1668 1328 1718 dies
1365 1667 1566 1717 dolores
1603 1679 1884 1714 accrescere

247 1759 515 1823 febresque
566 1755 830 1804 accessisse
875 1752 1047 1812 sensit,
1102 1750 1386 1816 Agrippam
1434 1763 1682 1814 generum
1723 1743 1790 1794 ad
1833 1759 1885 1792 se

247 1838 431 1888 accersi
458 1836 606 1886 iussit
627 1844 678 1884 et
705 1851 819 1883 cum
841 1850 899 1883 eo
926 1832 979 1882 L.
1006 1829 1300 1882 Cornelium
1329 1827 1545 1878 Balbum
1567 1826 1885 1890 Sextumque

249 1918 585 1968 Peducaeum.

321 1999 429 2048 Hos
459 2005 518 2046 ut
549 1996 747 2045 venisse
782 1993 926 2053 vidit,
958 1993 1009 2041 in
1042 1991 1273 2041 cubitum
1312 1989 1518 2038 innixus
1549 1983 1886 2049 “Quantam'’

250 2079 421 2144 inquit
451 2084 478 2104 ‘⁶
496 2093 667 2125 curam
700 2073 1124 2140 diligentiamque
1157 2071 1210 2120 in
1238 2068 1532 2119 valetudine
1558 2084 1670 2116 mea
1696 2063 1889 2115 tuenda

252 2159 344 2208 hoc
385 2167 612 2223 tempore
649 2153 986 2214 adhibuerim,
1022 2169 1137 2201 cum
1175 2168 1266 2200 vos
1304 2157 1461 2199 testes
1498 2147 1727 2207 habeam,
1762 2144 1890 2194 nihil

254 2256 454 2288 necesse
486 2246 562 2287 est
593 2236 825 2303 pluribus
856 2233 1026 2283 verbis
1059 2246 1467 2282 commemorare.
1544 2227 1740 2290 Quibus
1771 2242 1891 2291 quo-

255 2320 404 2379 niam,
438 2327 497 2367 ut
536 2335 696 2383 spero,
737 2315 974 2375 satisfeci,
1015 2330 1096 2363 me
1135 2310 1263 2361 nihil
1303 2309 1484 2375 reliqui
1522 2307 1712 2367 fecisse,
1753 2304 1892 2371 quod

254 2399 318 2448 ad
364 2397 646 2447 sanandum
689 2414 769 2446 me
810 2396 1106 2462 pertineret,
1156 2391 1410 2457 reliquum
1451 2396 1540 2448 est,
1587 2395 1647 2436 ut
1690 2393 1894 2453 egomet

255 2479 379 2528 mihi
416 2477 687 2527 consulam.
767 2476 825 2525 Id
853 2493 943 2525 vos
975 2475 1210 2541 ignorare
1239 2470 1392 2521 nolui.
1468 2467 1603 2518 Nam
1634 2466 1759 2515 mihi
1790 2473 1895 2515 stat
1968 2463 1971 2485 ³

255 2559 389 2608 alere
427 2558 661 2607 morbum
699 2556 943 2605 desinere.
1029 2553 1266 2618 Namque
1304 2550 1382 2599 his
1425 2547 1605 2598 diebus
1641 2544 1894 2611 quidquid

257 2639 354 2687 cibi
389 2638 595 2702 sumpsi,
626 2637 698 2685 ita
732 2634 951 2701 produxi
988 2633 1162 2692 vitam,
1197 2639 1256 2680 ut
1288 2628 1520 2680 auxerim
1554 2626 1755 2676 dolores
1787 2625 1895 2674 sine
1968 2638 1971 2641 ·

258 2735 346 2784 spe
387 2717 578 2766 salutis.
656 2715 822 2778 Quare
860 2733 888 2763 a
923 2713 1066 2763 vobis
1105 2720 1224 2778 peto
1263 2710 1498 2777 primurn,
1533 2715 1594 2757 ut
1630 2704 1897 2757 consilium

260 2797 485 2863 probetis
517 2813 700 2856 meum,
737 2794 922 2845 deinde
963 2811 1024 2843 ne
1062 2792 1253 2842 frustra
1290 2787 1611 2840 dehortando
1649 2784 1897 2853 impedire

262 2875 558 2927 conemini.’'
