1971 3101
173 103 232 147 ΤΟ
757 111 1026 142 CORNELIUS
1058 93 1226 142 sapos.

173 242 255 283 tor
296 233 478 293 fuerat,
519 232 685 282 voluit
729 248 845 281 eum
888 229 951 279 de
995 228 1255 295 provincia
1298 226 1553 293 depellere
1596 232 1651 275 et
1696 226 1803 291 ipse

173 314 217 363 ei
245 313 523 372 succedere,
554 329 718 377 neque
745 311 837 360 hoc
869 327 959 375 per
988 317 1222 358 senatum
1249 307 1442 356 efficere
1474 304 1660 371 potuit,
1690 321 1804 353 cum

173 392 380 458 quidem
425 391 594 456 Scipio
631 391 975 456 principatum
1012 389 1064 436 in
1103 387 1312 436 civitate
1356 385 1626 444 obtineret,
1666 383 1805 448 quod

173 483 284 520 tum
316 489 417 520 non
448 470 692 536 potentia,
725 468 811 518 sed
846 469 954 517 iure
988 483 1067 516 res
1097 465 1300 532 publica
1333 463 1801 514 administrabatur.

174 551 283 612 Qua
322 568 385 600 ex
422 567 475 599 re
513 550 674 598 iratus
705 558 897 607 senatu,
937 545 1205 595 consulatu
1241 551 1447 610 peracto
1484 543 1716 610 privatus
1753 542 1806 591 in

173 631 296 679 urbe
323 630 525 679 mansit.
602 630 675 677 At
702 627 842 686 Cato,
868 643 1044 675 censor
1070 642 1185 674 cum
1212 624 1389 674 eodem
1415 623 1596 672 Flacco
1622 621 1802 682 factus,

173 727 344 759 severe
366 708 589 775 praefuit
615 708 659 757 ei
687 706 940 772 potestati.
1001 705 1137 754 Nam
1157 712 1209 754 et
1233 704 1286 753 in
1307 702 1591 768 complures
1612 700 1806 751 nobiles

172 789 538 838 animadvertit
576 796 628 836 et
665 786 852 834 multas
896 802 975 834 res
1019 801 1177 834 novas
1222 783 1276 832 in
1319 783 1545 832 edictum
1587 779 1803 839 addidit,

173 886 274 934 qua
313 886 366 917 re
411 867 615 916 luxuria
658 866 1033 930 reprimeretur,
1075 880 1205 929 quae
1241 863 1344 912 iam
1383 870 1493 910 tum
1530 860 1807 926 incipiebat

173 948 437 1014 pullulare.
516 946 730 997 Circiter
755 961 914 993 annos
941 944 1215 1010 octoginta,
1244 959 1406 1007 usque
1431 940 1497 990 ad
1524 948 1807 990 extremam

172 1038 395 1077 aetatem
437 1027 501 1075 ab
549 1024 908 1084 adulescentia,
956 1023 1028 1072 rei
1072 1022 1303 1088 publicae
1353 1037 1503 1070 causa
1551 1019 1807 1085 suscipere

174 1108 465 1156 inimicitias
496 1124 597 1155 non
630 1104 845 1154 destitit.
923 1102 971 1151 A
997 1101 1172 1150 multis
1205 1107 1489 1166 temptatus
1524 1117 1625 1149 non
1655 1098 1808 1148 modo

175 1187 372 1236 nullum
393 1186 761 1235 detrimentum
782 1180 1174 1233 existimationis
1194 1180 1329 1241 fecit,
1349 1179 1452 1240 sed,
1472 1178 1642 1245 quoad
1659 1179 1804 1239 vixit,

175 1268 430 1315 virtutum
456 1264 605 1313 laude
633 1264 805 1313 crevit.

244 1347 288 1397 3.
333 1346 391 1394 In
419 1345 654 1394 omnibus
682 1344 831 1393 rebus
858 1341 1103 1408 singulari
1132 1339 1233 1389 fuit
1259 1337 1526 1388 industria.
1602 1337 1738 1387 Nam
1757 1347 1810 1387 et

175 1425 393 1493 agricola
425 1425 600 1474 sollers
638 1432 690 1473 et
727 1423 920 1488 peritus
958 1419 1348 1470 iurisconsultus
1385 1425 1438 1468 et
1468 1434 1685 1484 magnus
1722 1417 1810 1466 im-

176 1516 381 1571 perator
411 1513 462 1554 et
498 1503 773 1570 probabilis
814 1510 985 1551 orator
1025 1510 1076 1550 et
1120 1498 1479 1565 cupidissimus
1520 1497 1809 1546 litterarum

176 1586 288 1634 fuit.
379 1585 606 1647 Quarum
652 1582 880 1632 studium
926 1581 1021 1630 etsi
1065 1580 1234 1629 senior
1282 1578 1582 1643 arripuerat,
1636 1583 1809 1626 tamen

177 1675 380 1715 tantum
424 1681 747 1731 progressum
787 1661 921 1722 fecit,
965 1670 1025 1709 ut
1064 1677 1167 1709 non
1207 1657 1354 1708 facile
1396 1656 1605 1723 reperiri
1650 1656 1811 1721 possit

177 1762 340 1810 neque
370 1744 433 1793 de
460 1743 667 1794 Graecis
705 1759 868 1807 neque
899 1740 963 1790 de
993 1739 1182 1789 Italicis
1214 1738 1378 1798 rebus,
1412 1735 1551 1803 quod
1577 1735 1623 1787 ei
1654 1735 1810 1785 fuerit

177 1825 507 1891 incognitum.
583 1823 667 1872 Ab
693 1821 1037 1871 adulescentia
1059 1818 1278 1869 confecit
1297 1817 1564 1868 orationes.
1641 1814 1810 1866 Senex

178 1905 412 1953 historias
430 1904 648 1953 scribere
664 1902 904 1952 instituit.
973 1900 1159 1949 Earum
1177 1906 1298 1947 sunt
1314 1897 1430 1947 libri
1451 1909 1545 1946 V11.
1606 1894 1810 1945 Primus

177 1985 405 2034 continet
442 2002 521 2033 res
558 1992 728 2050 gestas
766 1999 942 2048 regum
982 1979 1156 2046 populi
1197 1978 1428 2037 Romani,
1469 1974 1722 2026 secundus
1759 1983 1810 2024 et

178 2065 374 2123 tertius,
403 2063 540 2113 unde
578 2079 810 2128 quaeque
849 2061 1028 2110 civitas
1068 2068 1181 2109 orta
1218 2058 1285 2107 sit
1324 2056 1501 2107 Italica
1513 2076 1525 2117 ς
1561 2055 1627 2105 ob
1656 2071 1810 2120 quam

179 2161 282 2192 rem
305 2161 479 2192 omnes
500 2143 735 2208 Origines
756 2141 962 2190 videtur
981 2138 1275 2205 appellasse.
1353 2136 1411 2186 In
1434 2142 1619 2202 quarto
1636 2143 1809 2183 autem

178 2223 367 2272 bellum
418 2222 693 2271 Poenicum
755 2230 832 2270 est
882 2221 1116 2286 primum,
1182 2218 1232 2267 in
1283 2216 1467 2282 quinto
1514 2212 1806 2265 secundum.

181 2304 352 2367 Atque
384 2302 505 2351 haec
532 2302 702 2350 omnia
729 2300 1045 2366 capitulatim
1073 2307 1195 2348 sunt
1220 2297 1371 2346 (licta.
1447 2290 1809 2361 Reliqua[que]

182 2381 310 2430 bella
332 2382 438 2447 pari
468 2381 620 2430 modo
642 2388 936 2446 persecutus
957 2387 1033 2429 est
1060 2392 1221 2444 usque
1241 2376 1306 2426 ad
1334 2382 1624 2442 praeturam
1646 2371 1810 2422 Servii

181 2460 385 2520 Galbae,
416 2461 503 2525 qui
538 2460 754 2525 diripuit
783 2459 1066 2509 Lusitanos.
1144 2458 1318 2522 Atque
1354 2454 1535 2504 horum
1561 2451 1810 2502 bellorum

180 2539 333 2589 duces
375 2557 473 2588 non
517 2538 802 2588 nominavit
859 2537 945 2587 sed
991 2537 1098 2586 sinc
1141 2533 1432 2585 nominibus
1475 2548 1554 2582 res
1595 2530 1807 2580 notavit.

183 2619 242 2669 In
287 2619 474 2669 eisdem
526 2618 776 2684 exposuit,
825 2634 953 2682 quae
1004 2616 1055 2665 in
1108 2614 1258 2664 Italia
1309 2611 1673 2679 Hispaniisque
1720 2618 1811 2661 aut

183 2700 364 2749 fierent
411 2708 501 2747 aut
550 2697 849 2747 viderentur
896 2694 1209 2745 admiranda.
1305 2693 1363 2743 In
1414 2691 1600 2757 quibus
1649 2689 1812 2739 multa

183 2779 435 2828 industria
461 2786 512 2827 ct
537 2777 806 2843 diligentia
832 2784 1102 2841 comparet,
1134 2772 1277 2823 nulla
1298 2771 1544 2822 doctrina.

254 2858 422 2908 Huius
451 2857 515 2908 de
547 2857 655 2907 vita
692 2865 744 2906 et
774 2855 1000 2906 moribus
1032 2854 1177 2919 plura
1213 2853 1266 2902 in
1296 2869 1356 2903 eo
1393 2851 1524 2902 libro
1560 2848 1813 2917 persecuti
