2004 3165
735 96 1106 129 EPAMINONDAS.
1697 89 1756 131 49

159 217 238 271 10.
281 217 381 269 Hic
406 234 624 269 uxorem
652 235 937 285 numquam
971 217 1140 268 duxit.
1221 218 1280 268 In
1309 236 1413 285 quo
1444 236 1561 269 cum
1590 238 1755 288 repre-

83 299 416 361 henderetur,
446 299 586 367 quod
614 299 802 351 liberos
830 317 933 351 non
961 299 1293 366 relinqueret,
1318 318 1347 349 a
1376 300 1638 368 Pelopida,
1664 302 1754 368 qui

82 380 248 432 filium
275 380 501 432 habebat
533 381 794 443 infamem,
825 380 1063 448 maleque
1090 399 1209 431 eum
1242 381 1294 430 in
1322 399 1382 432 eo
1410 383 1608 449 patriae
1641 401 1755 433 con-

83 462 252 514 sulere
277 462 488 525 diceret,
523 469 552 490 “
571 462 752 525 Vide'',
783 463 955 530 inquit
987 468 1097 513 “ne
1124 471 1184 513 tu
1211 463 1356 530 peius
1383 464 1632 525 consulaS‚
1664 465 1754 532 qui

84 544 243 596 talem
284 563 349 596 ex
391 553 443 596 te
486 554 668 595 natum
709 544 985 596 relicturus
1031 545 1113 595 sis.
1208 544 1391 612 Neque
1435 564 1556 596 vero
1597 547 1755 613 stirps

83 636 258 695 potest
307 627 434 677 mihi
479 626 671 677 deesse.
765 627 1005 694 Namque
1057 645 1120 678 ex
1167 645 1247 677 me
1295 636 1469 677 natam
1517 627 1755 694 relinquo

84 726 314 777 pugnam
348 707 687 769 Leuctricam,
717 726 850 775 quae
878 727 981 759 non
1008 708 1165 759 modo
1192 708 1318 758 mihi
1355 719 1631 776 supersteS‚
1664 709 1754 760 scd

83 790 242 841 etiam
278 790 587 840 immortalis
629 790 695 840 sit
741 808 942 841 necesse
985 790 1109 841 est.‘'
1193 789 1307 853 Quo
1349 800 1582 857 tempore
1623 790 1755 841 duce

83 871 335 940 Pelopida
367 871 545 923 exules
577 871 782 922 Thebas
816 881 1137 939 occuparunt
1170 881 1221 922 et
1255 871 1571 938 praesidium
1606 872 1756 923 Lace-

82 952 478 1005 daemoniorum
504 971 569 1004 ex
595 971 710 1007 arce
732 953 1048 1021 expulerunt
1077 952 1477 1020 Epaminondam,
1502 954 1755 1019 quamdiu

83 1036 221 1087 facta
265 1044 344 1087 est
389 1035 569 1086 caedes
614 1036 820 1096 civium,
868 1035 1024 1085 domo
1068 1053 1120 1085 se
1167 1035 1351 1096 tenuit,
1401 1035 1540 1102 quod
1588 1053 1755 1102 neque

82 1116 246 1168 malos
289 1116 570 1168 defendere
622 1117 829 1168 volebat
875 1134 1041 1184 neque
1093 1117 1413 1184 impugnare,
1464 1135 1526 1168 ne
1571 1135 1754 1167 manus

83 1216 296 1250 suorum
335 1199 586 1267 sanguine
626 1208 937 1249 cruentaret.
1024 1198 1264 1266 Namque
1304 1216 1510 1250 omnem
1550 1199 1754 1249 civilem

84 1281 356 1332 victoriam
383 1279 644 1332 funestam
672 1281 906 1348 putabat.
969 1280 1128 1342 Idem,
1155 1290 1431 1348 postquam
1458 1280 1598 1348 apud
1626 1280 1755 1332 Cad-

83 1380 252 1414 meam
273 1380 390 1414 cum
419 1362 839 1413 Lacedaemoniis
867 1363 1087 1431 pugnari
1111 1372 1352 1430 coeptum
1375 1372 1466 1423 est,
1493 1364 1544 1412 in
1574 1363 1755 1430 primis

83 1444 248 1495 stetit.
326 1442 499 1495 Huius
537 1443 602 1495 de
643 1445 929 1495 virtutibus
970 1445 1180 1510 vitaque
1227 1445 1352 1494 satis
1398 1445 1497 1495 erit
1535 1444 1750 1507 dictum,

83 1526 124 1576 si
159 1525 254 1577 hoc
284 1543 450 1577 unum
489 1525 793 1589 adiunxero,
832 1525 972 1594 quod
1019 1544 1171 1576 nemo
1213 1526 1252 1575 it
1295 1526 1500 1588 infitiaS,
1549 1526 1755 1578 Thebas

84 1616 137 1659 et
162 1616 284 1659 ante
316 1607 730 1676 Epaminondam
767 1619 948 1659 natum
981 1617 1034 1659 et
1066 1617 1182 1675 post·
1215 1608 1446 1658 eiusdem
1479 1609 1754 1660 interitum

84 1698 339 1758 perpetuo
364 1689 534 1741 alieno
555 1691 787 1758 paruisse
816 1691 1033 1758 imperio
1048 1710 1059 1751 ;
1091 1699 1269 1739 contra
1291 1708 1363 1751 ea,
1388 1690 1640 1757 quamdiu
1668 1691 1752 1742 ille

83 1771 370 1840 praefuerit
395 1772 470 1823 rei
498 1771 747 1839 publicae,
779 1781 935 1840 caput
962 1772 1120 1822 fuisse
1143 1771 1307 1822 totius
1334 1771 1595 1823 Graeciae.
1674 1773 1753 1824 Ex

83 1870 189 1920 quo
209 1852 442 1922 intellegi
463 1862 638 1922 potest
657 1871 820 1905 unum
840 1854 1101 1905 hominem
1124 1853 1286 1904 pluris
1307 1871 1463 1921 quam
1485 1855 1752 1906 civitatem

85 1933 258 1987 fuisse.

604 2139 733 2194 VII.
776 2140 879 2195 AG
889 2141 1233 2197 ESILAUS.

146 2272 206 2319 In
240 2272 316 2320 his
345 2279 549 2320 account
581 2275 632 2320 of
665 2276 923 2336 Agesilaus
963 2276 1125 2336 Nepos
1161 2276 1374 2321 borrows
1406 2275 1488 2321 the
1523 2276 1671 2321 views
1702 2276 1752 2321 of

83 2345 374 2407 Xenophon,
393 2346 503 2393 who
519 2347 694 2408 speaks
709 2340 764 2393 of
786 2349 868 2393 the
892 2349 1099 2408 Spartan
1126 2348 1244 2408 king
1265 2365 1317 2393 as
1339 2348 1522 2408 though
1539 2348 1603 2394 he
1629 2365 1750 2394 were

83 2416 166 2464 the
199 2418 618 2479 unapproachable
654 2420 768 2466 hero
802 2420 852 2465 of
888 2420 971 2465 the
1007 2436 1104 2480 age.
1175 2421 1485 2482 Xenophon's
1518 2421 1623 2467 bias
1656 2438 1751 2467 was

81 2490 302 2551 strongly
327 2490 753 2548 lacedaemoniam,
772 2492 867 2538 and
893 2494 1150 2552 Agesilaus
1174 2510 1285 2550 wa3‚
1306 2509 1367 2539 no
1389 2493 1558 2551 doubt,
1579 2501 1750 2555 except

82 2560 363 2624 physically,
387 2579 416 2609 a
436 2563 560 2625 good
583 2565 823 2625 specimen
848 2564 899 2610 of
919 2581 947 2609 a
970 2567 1108 2610 strict
1131 2568 1351 2626 Spartan.

145 2635 404 2697 Agesilaus
426 2652 524 2682 was
547 2635 667 2682 born
691 2636 841 2682 about
864 2642 954 2682 440
979 2651 1078 2690 13.c.‚
1098 2638 1289 2684 became
1314 2639 1433 2700 king
1458 2640 1504 2684 in
1531 2642 1620 2684 398
1649 2653 1748 2695 s.c.,

0 2719 17 2777 1'
80 2706 177 2754 and
205 2707 256 2754 in
283 2711 374 2755 396
402 2721 487 2755 Rc.
514 2707 699 2761 led,the
728 2709 1006 2769 expedition
1039 2716 1089 2754 to
1115 2711 1245 2756 Asia.
1314 2712 1475 2771 Nepos
1498 2711 1644 2756 omits
1667 2710 1748 2756 the

81 2780 317 2827 romantio
334 2779 529 2842 episode
541 2780 686 2841 given
705 2780 769 2840 by
790 2781 1063 2842 Xenophon
1083 2783 1133 2827 of
1157 2783 1236 2828 the
1257 2782 1508 2829 interview
1530 2783 1747 2828 between

0 2903 6 2920 >
82 2852 341 2914 Agesilaus
381 2852 479 2899 and
523 2852 608 2899 the.
649 2854 845 2899 Persian
888 2862 1052 2915 satrap
1094 2854 1448 2901 Pharnabazus.
1525 2856 1598 2900 On
1638 2855 1748 2899 that

0 2943 7 2965 ι
81 2926 296 2972 occasion
312 2924 398 2971 the
420 2924 621 2972 Persian
644 2925 789 2972 taxed
813 2925 898 2972 the
921 2926 1129 2987 Spartan
1153 2926 1274 2988 king
1291 2926 1411 2972 with
1432 2926 1746 2988 ingratitude,

255 2996 422 3039 (18²7)
1538 2998 1571 3032 D
