1971 3101
175 105 232 147 62
763 111 1035 142 CORNELIUS
1070 90 1235 141 N‘Epos.

172 233 303 284 Cum
335 234 533 298 aliquot
567 233 638 282 ibi
669 232 778 282 dies
810 240 975 281 castra
1009 231 1275 280 habuisset
1310 236 1362 280 et
1393 228 1624 295 Capuam
1657 245 1822 279 rever-

170 321 380 374 teretur,
414 314 469 375 Q.
505 313 695 362 Fabius
733 312 1006 373 Maximus,
1041 311 1265 360 dictator
1299 310 1576 371 Romanus,
1610 310 1665 358 in
1698 326 1823 376 agro

169 393 388 443 Falerno
433 393 479 442 ei
524 411 575 443 se
620 393 819 442 obiecit.
904 392 1003 441 Hic
1047 391 1248 441 clausus
1297 390 1528 440 locorum
1570 389 1824 456 angustiis

171 482 328 523 noctu
349 474 457 523 sine
478 473 585 522 ullo
611 472 924 522 detrimento
952 471 1208 521 exercitus
1236 488 1288 520 se
1315 469 1608 536 expedivit,
1644 469 1819 532 Fabio,

171 554 500 603 callidissimo
539 553 851 619 imperatori,
893 552 1040 601 dedit
1074 552 1245 601 verba.
1323 551 1562 616 Namque
1601 549 1825 600 obducta

170 642 319 684 nocte
348 642 607 684 sarmenta
633 635 686 682 in
714 633 950 682 cornibus
978 632 1314 681 iuvencorum
1340 631 1567 698 deligata
1593 629 1825 680 incendit

172 716 383 780 eiusque
428 715 629 782 generis
674 712 1065 762 multitudinem
1105 729 1347 778 magnam
1386 711 1694 777 dispalatam
1737 711 1827 760 im-

172 796 326 844 misit.
425 796 538 858 Quo
588 795 858 860 repentino
909 793 1110 842 obiecto
1153 793 1270 842 visu
1318 798 1525 841 tantum
1576 798 1826 841 terrorem

171 875 347 925 iniecit
397 876 647 925 exercitui
693 876 1057 935 Romanorum,
1105 880 1166 922 ut
1216 872 1392 940 egredi
1443 880 1590 922 extra
1633 872 1827 922 Vallum

171 973 323 1005 nemo
358 957 426 1005 sit
458 974 625 1005 ausus.
705 955 851 1004 Hanc
884 961 1002 1020 post
1035 971 1145 1003 rem
1175 960 1376 1020 gestam
1406 970 1510 1002 non
1543 953 1617 1002 ita
1650 953 1828 1002 multis

172 1037 353 1086 diebus
383 1037 452 1086 M.
487 1036 775 1085 Minucium
801 1035 1010 1095 Rufum,
1040 1035 1349 1101 magistrum
1375 1034 1610 1099 equitum
1636 1034 1747 1099 pari
1772 1051 1829 1083 ac

172 1117 480 1167 dictatorem
505 1117 734 1183 imperio,
764 1116 883 1165 dolo
913 1115 1225 1181 productum
1250 1115 1305 1163 in
1330 1114 1583 1180 proelium
1609 1114 1826 1181 fugavit.

173 1197 438 1248 Tiberium
483 1197 845 1263 Sempronium
889 1196 1191 1257 Gracchum,
1234 1195 1425 1244 iterum
1462 1195 1735 1256 consulem,
1777 1195 1830 1244 in

174 1278 394 1328 Lucanis
427 1279 610 1328 absens
642 1278 695 1326 in
726 1276 938 1326 insidias
970 1276 1243 1326 inductum
1277 1275 1503 1326 sustulit.
1585 1275 1654 1324 M.
1686 1274 1832 1325 Clau-

174 1359 319 1408 dium
360 1359 678 1419 Marcellum,
721 1358 994 1423 quinquies
1043 1357 1319 1419 consulem,
1367 1355 1507 1422 apud
1549 1355 1832 1405 Venusiam

175 1441 286 1506 pari
328 1440 482 1490 modo
526 1440 802 1490 interfecit.
894 1438 1133 1505 Longum
1184 1446 1263 1488 est
1312 1437 1484 1487 omnia
1534 1453 1833 1486 enumerare

175 1521 382 1587 proelia.
445 1521 614 1583 Quare
640 1521 735 1570 hoc
762 1537 924 1569 unum
951 1519 1074 1568 satis
1102 1519 1201 1568 erit
1226 1518 1438 1579 dictum,
1470 1535 1534 1567 ex
1560 1535 1662 1582 quo
1688 1517 1835 1566 intel-

175 1601 277 1668 legi
315 1602 490 1668 possit,
533 1608 759 1667 quantus
798 1600 883 1649 ille
922 1599 1104 1649 fuerit:
1145 1598 1397 1665 quamdiu
1433 1598 1487 1647 in
1526 1597 1679 1647 Italia
1716 1597 1831 1658 fuit,

176 1700 327 1732 nemo
355 1683 400 1732 ei
426 1683 480 1732 in
506 1683 612 1733 acie
638 1682 847 1743 restitit,
869 1698 1020 1730 nemo
1046 1680 1294 1730 adversus
1315 1697 1434 1730 eum
1459 1685 1578 1745 post
1605 1677 1836 1728 Cannen-

177 1781 285 1813 sem
311 1781 540 1830 pugnam
566 1763 620 1812 in
647 1780 826 1828 campo
852 1769 1018 1811 castra
1044 1761 1228 1827 posuit.

249 1845 294 1897 6.
338 1845 475 1894 Hinc
513 1844 737 1893 invictus
775 1842 997 1909 patriam
1031 1841 1303 1891 defensum
1336 1846 1608 1890 revocatus
1643 1838 1837 1888 bellum

176 1927 337 1993 gessit
362 1925 610 1974 adversus
637 1925 690 1973 P.
724 1923 1028 1989 Scipionem,
1060 1922 1223 1971 filium
1250 1922 1358 1971 eius
1386 1920 1653 1987 Scipionis,
1684 1936 1838 1985 quem

178 2009 286 2074 ipse
313 2007 480 2073 primo
505 2004 646 2072 apud
683 2004 1009 2064 Rhodanum,
1039 2003 1231 2052 iterum
1256 2001 1397 2068 apud
1434 2000 1650 2062 Padum,
1680 1999 1838 2050 tertio

177 2087 318 2154 apud
348 2087 590 2136 Trebiam
624 2086 844 2152 fugarat.
923 2083 1055 2134 Cum
1087 2084 1182 2133 hoc
1215 2082 1480 2133 exhaustis
1511 2081 1614 2130 iam
1639 2080 1837 2147 patriae

179 2167 516 2218 facultatibus
549 2166 748 2232 cupivit
781 2164 1265 2231 impraesentiarum
1295 2163 1491 2213 bellum
1517 2177 1834 2227 componere,

180 2267 284 2315 quo
310 2248 567 2298 valentior
592 2254 771 2313 postea
797 2244 1211 2313 congrederetur.
1290 2243 1351 2293 In
1387 2242 1700 2308 colloquium
1727 2258 1839 2290 con-

181 2330 352 2389 venit;
395 2328 721 2378 condiciones
765 2344 869 2376 non
907 2331 1274 2376 convenerunt,
1375 2324 1502 2373 Post
1545 2321 1598 2371 id
1643 2321 1838 2371 factum

181 2410 357 2476 paucis
384 2408 567 2458 diebus
593 2407 732 2473 apud
771 2408 981 2456 Zamam
1014 2424 1130 2455 cum
1157 2404 1337 2455 eodem
1365 2403 1620 2453 conflixit:
1660 2401 1839 2468 pulsus

185 2489 505 2555 (incredibile
532 2487 698 2555 dictu)
724 2487 883 2537 biduo
904 2494 956 2537 et
975 2486 1176 2535 duabus
1197 2484 1434 2534 noctibus
1456 2482 1839 2532 Hadrumetum

183 2571 434 2637 pervenit,
483 2568 624 2634 quod
667 2568 812 2617 abest
856 2568 920 2617 ab
965 2568 1121 2616 Zama
1165 2565 1368 2615 circiter
1410 2563 1552 2613 milia
1595 2579 1840 2629 passuum

184 2658 428 2700 trecenta.
508 2649 570 2699 In
590 2648 684 2698 hac
705 2649 829 2715 fuga
849 2647 1121 2708 Numidae,
1148 2646 1238 2712 qui
1259 2644 1411 2694 simul
1433 2661 1549 2694 cum
1570 2660 1630 2693 00
1650 2660 1715 2693 ex
1734 2641 1841 2692 acie

186 2738 525 2791 excesserant,
568 2729 798 2779 insidiati
843 2736 964 2778 sunt
1010 2728 1081 2789 ei3
1129 2743 1259 2792 quos
1297 2742 1400 2774 non
1438 2723 1603 2774 solum
1641 2722 1836 2789 effugit,

187 2811 277 2861 sed
315 2812 472 2861 etiam
509 2811 647 2876 ipsos
685 2810 950 2876 oppressit.
1029 2805 1341 2857 Hadrumeti
1384 2804 1609 2870 reliquos
1653 2820 1680 2854 0
1717 2802 1842 2869 fuga

189 2892 395 2960 collegit
408 2912 421 2955 3
459 2892 608 2942 novis
639 2890 910 2941 dilectibus
937 2888 1113 2956 paucis
1138 2887 1321 2937 diebus
1347 2885 1538 2936 multos
1565 2883 1835 2935 contraxit.
