1971 3101
170 123 228 164 60
760 128 1031 160 CORNELIUS
1065 128 1228 159 NEPOS.

168 251 397 302 reddidit
428 250 688 310 Romanis,
720 249 950 299 omnium
976 247 1055 296 his
1082 246 1401 313 temporibus
1427 246 1818 312 potentissimus

167 350 258 382 rex
308 331 598 381 Antiochus
654 330 768 379 fuit.
846 328 999 378 Hunc
1054 335 1202 377 tanta
1252 326 1536 393 cupiditate
1589 326 1818 377 incendit

166 410 405 472 bellandi,
436 417 497 459 ut
527 427 690 475 usque
717 428 745 458 a
772 409 927 458 rubro
954 408 1083 457 mari
1113 425 1256 457 arma
1283 414 1496 457 conatus
1529 406 1596 456 sit
1629 407 1818 458 inferre

167 491 362 541 Italiae.
441 490 528 540 Ad
555 508 709 557 quem
741 507 857 539 cum
888 489 1045 556 legati
1076 489 1339 538 venissent
1371 488 1605 550 Romani,
1635 488 1724 553 qui
1754 488 1818 538 de

167 573 275 621 eius
314 572 585 621 voluntate
630 570 958 637 explorarent
1001 569 1289 634 darentque
1332 586 1551 635 operam,
1597 568 1818 618 consiliis

165 652 498 702 clandestinis
537 660 598 701 ut
642 651 989 700 Hannibalem
1032 650 1086 699 in
1126 649 1468 715 suspicionem
1508 649 1617 716 regi
1662 648 1819 698 addu-

166 741 354 794 cerent,
403 741 670 798 tamquam
720 732 784 781 ab
828 731 951 797 ipsis
996 736 1269 796 corruptus
1319 730 1419 778 alia
1468 736 1625 795 atque
1667 736 1819 779 antea

165 814 395 874 sentiret,
427 830 593 878 neque
627 811 681 860 id
711 812 904 860 frustra
936 811 1179 860 fecissent
1209 810 1365 876 idque
1393 809 1655 859 Hannibal
1691 827 1819 859 com-

165 894 383 960 perisset
414 911 569 959 seque
595 893 660 942 ab
686 892 1019 942 interioribus
1047 891 1270 941 consiliis
1302 891 1560 958 segregari
1587 889 1814 952 vidisset,

166 990 398 1045 tempore
431 978 555 1027 dato
587 977 718 1027 adiit
750 976 816 1026 ad
849 994 1038 1044 regem,
1074 976 1223 1041 eique
1262 993 1378 1024 cum
1415 974 1580 1024 multa
1617 974 1681 1024 de
1719 974 1818 1024 fide

164 1077 258 1109 sua
285 1068 337 1109 et
364 1059 482 1109 odio
508 1059 562 1107 in
590 1059 850 1108 Romanos
878 1064 1339 1117 commemorasset,
1371 1055 1465 1105 hoc
1491 1055 1745 1105 adiunxit.

240 1141 443 1189 “Pater
475 1157 619 1189 meus
639 1139 662 1158 '⁷
695 1139 868 1205 inquit
907 1144 934 1165 ‘⁶
953 1137 1231 1199 Hamilcar,
1262 1136 1478 1204 puerulo
1511 1153 1606 1197 me,
1636 1144 1818 1202 utpote

166 1240 269 1271 non
303 1222 524 1288 amplius
562 1234 691 1270 VIIII
728 1238 888 1270 annos
927 1228 1063 1280 nato,
1102 1219 1156 1267 in
1194 1218 1503 1284 Hispaniam
1540 1217 1820 1283 imperator

164 1303 489 1370 proficiscens
522 1301 850 1368 Carthagine,
884 1301 996 1350 Iovi
1028 1300 1225 1366 optimo
1255 1299 1481 1348 maximo
1507 1298 1701 1348 hostias
1732 1298 1821 1347 im-

166 1383 394 1433 molavit.
463 1382 604 1445 Quae
630 1382 808 1431 divina
839 1399 918 1431 res
950 1380 1076 1430 dum
1102 1380 1480 1440 conficiebatur,
1505 1378 1762 1444 quaesivit
1791 1396 1821 1427 a

165 1482 260 1525 me,
285 1463 541 1514 vellemne
567 1481 740 1513 secum
766 1463 819 1512 in
847 1469 1012 1512 castra
1038 1461 1302 1528 proficisci.
1369 1460 1431 1510 Id
1457 1477 1574 1509 cum
1600 1459 1822 1509 libenter

165 1545 473 1611 accepissem
513 1554 671 1609 atque
709 1543 773 1592 ab
810 1561 868 1593 eo
906 1550 1082 1609 petere
1121 1542 1412 1608 coepissem,
1454 1557 1518 1590 ne
1556 1539 1821 1590 dubitaret

166 1626 365 1687 ducere,
397 1633 510 1674 tum
548 1625 634 1674 ille
678 1624 909 1674 ‘Faciam
927 1623 950 1685 ',
985 1623 1159 1689 inquit
1195 1622 1264 1671 ‘si
1294 1621 1422 1670 mihi
1461 1620 1630 1681 fidem,
1666 1638 1821 1686 quam

167 1707 387 1773 postulo,
409 1705 654 1756 dederis⁷.
717 1705 881 1755 Simul
901 1722 982 1754 me
1003 1703 1070 1752 ad
1089 1721 1231 1751 aram
1247 1701 1482 1763 adduxit,
1506 1700 1646 1768 apud
1666 1718 1821 1767 quam

167 1788 450 1837 sacrificare
484 1787 797 1847 instituerat,
838 1802 1053 1874 eamque
1092 1783 1274 1833 ceteiis
1307 1782 1518 1832 remotis
1556 1789 1821 1831 tenentem

167 1869 337 1917 iurare
359 1868 509 1917 iussit
536 1885 819 1933 numquam
844 1883 926 1916 me
952 1866 1007 1914 in
1008 1847 1260 1914 amicitia
1280 1881 1396 1913 cum
1423 1863 1669 1912 Romanis
1695 1861 1816 1912 fore.

169 1949 230 1998 Id
263 1966 357 2015 ego
388 1948 747 1997 iusiurandum
779 1947 915 2014 patri
945 1946 1128 1996 datum
1153 1962 1318 2011 usque
1343 1944 1409 1993 ad
1437 1944 1566 1993 hanc
1597 1950 1821 1993 aetatem

168 2029 241 2077 ita
275 2028 587 2089 conservavi,
617 2036 677 2077 ut
710 2027 902 2077 nemini
935 2026 1154 2076 dubium
1188 2042 1296 2075 esse
1323 2024 1522 2086 debeat,
1554 2024 1680 2090 quin
1710 2023 1822 2073 reli-

168 2127 271 2174 quo
304 2120 538 2175 tempore
573 2108 751 2158 eadem
778 2116 950 2158 mente
985 2108 1082 2157 sim
1113 2106 1336 2155 futurus.
1415 2105 1598 2168 Quare,
1629 2105 1669 2154 si
1696 2104 1822 2170 quid

168 2190 328 2239 amice
361 2189 424 2239 de
458 2189 705 2238 Romanis
738 2189 1000 2255 cogitabis,
1031 2205 1135 2237 non
1166 2185 1526 2252 imprudenter
1556 2184 1750 2246 feceris,
1780 2185 1821 2234 si

169 2288 250 2319 me
273 2269 450 2319 celaris
464 2288 477 2331 ,·
512 2286 628 2318 cum
649 2268 859 2334 quidem
879 2268 1071 2318 bellum
1092 2266 1310 2333 parabis,
1335 2273 1388 2315 te
1414 2265 1585 2332 ipsum
1610 2263 1822 2314 frustra—

169 2351 318 2411 beris,
351 2350 393 2399 si
419 2367 523 2398 non
549 2367 630 2399 me
657 2350 711 2398 in
737 2367 796 2398 eo
823 2349 1106 2415 principem
1133 2344 1410 2414 posueris.’'

242 2431 287 2481 3.
332 2430 441 2479 Hac
476 2429 650 2496 igitur,
680 2446 782 2494 qua
813 2428 1052 2489 diximus,
1082 2434 1253 2478 aetate
1288 2444 1404 2476 cum
1438 2432 1585 2493 patre
1619 2425 1673 2474 in
1708 2425 1823 2475 His-

172 2510 377 2575 paniam
414 2509 675 2575 profectus
714 2519 802 2558 est.
883 2508 1041 2558 Cuius
1078 2516 1196 2574 post
1241 2507 1454 2568 obitum,
1497 2505 1822 2556 Hasdrubale

171 2590 478 2655 imperatore
501 2591 726 2650 suffecto,
752 2589 1007 2654 equitatui
1029 2588 1168 2638 omni
1194 2586 1433 2654 praefuit.
1488 2585 1601 2636 Hoc
1618 2603 1822 2652 quoque

171 2669 444 2719 interfecto
472 2671 726 2719 exercitus
753 2687 1004 2719 summam
1030 2668 1231 2734 imperii
1257 2666 1323 2716 ad
1350 2684 1466 2717 eum
1492 2666 1695 2716 detulit.
1761 2665 1823 2715 Id

175 2748 541 2816 Carthaginem
591 2749 821 2799 delatum
870 2748 1072 2815 publice
1121 2747 1512 2813 comprobatum
1561 2753 1651 2797 est.
1740 2745 1823 2796 Sic

175 2829 435 2879 Hannibal
477 2829 645 2878 minor
682 2841 718 2877 V
750 2838 802 2878 et
839 2841 919 2877 XX
957 2828 1105 2877 annis
1143 2834 1296 2876 natus
1335 2827 1618 2893 imperator
1656 2825 1822 2875 factus

172 2910 409 2976 proximo
443 2909 667 2959 triennio
701 2926 876 2958 omnes
909 2916 1090 2976 gentes
1123 2907 1406 2974 Hispaniae
1431 2906 1568 2957 bello
1593 2906 1798 2973 subegit
1809 2925 1823 2969 3
