1971 3101
237 97 290 137 18
813 110 1080 142 consentis
1114 111 1275 143 seros.

233 225 459 286 obsoleti,
506 227 574 275 sic
624 226 744 276 olim
792 227 927 293 apud
970 229 1307 279 Athenienses
1354 229 1510 280 fuisse
1557 230 1849 296 reperimus

234 303 467 369 Namque
517 305 632 355 huic
685 306 919 367 Miltiadi,
965 308 1085 372 quia
1127 308 1356 358 Athena-s
1397 316 1660 374 totamque
1702 308 1853 359 Grae-

232 384 359 432 ciam
393 383 642 444 liberarat,
677 385 792 434 talis
826 386 983 434 honos
1019 386 1242 436 tributus
1272 396 1361 448 est,
1395 388 1448 437 in
1478 388 1690 454 porticu,
1723 405 1852 454 quae

234 462 430 511 Poecile
470 473 694 524 vocatur,
736 482 851 513 cum
895 482 1066 530 pugna
1108 464 1471 532 depingeretur
1514 466 1848 528 Marathonia,

233 551 290 589 ut
326 542 376 589 in
407 541 580 591 decem
614 554 904 608 praetorum
937 561 1146 593 numero
1177 545 1339 609 prima
1368 545 1475 594 eius
1507 546 1676 612 imago
1704 562 1853 611 pone-

233 631 374 668 retur
408 621 549 686 isque
583 621 872 671 hortaretur
901 622 1088 671 milites
1121 623 1470 689 proeliumque
1495 624 1848 675 committeret.

235 699 376 748 Idem
408 700 490 749 ille
523 701 750 766 populus,
786 711 1113 766 posteaquam
1144 703 1306 751 maius
1335 703 1604 769 imperium
1635 711 1712 754 est
1745 721 1854 754 nac-

233 789 315 826 tus
350 790 400 827 et
439 779 705 844 largitione
743 781 1133 846 magistratuum
1171 790 1440 848 corruptus
1474 790 1564 843 est,
1601 791 1854 833 trecentas

233 869 426 906 statuas
458 858 717 908 Demetrio
745 859 988 908 Phalereo
1013 859 1250 910 decrevit.

303 937 345 987 7.
380 938 497 985 Post
526 938 616 987 hoc
645 939 891 1003 proelium
916 939 1121 988 classem
1150 953 1262 989 Lxx
1290 940 1495 990 navium
1516 940 1854 992 Athenienses

233 1016 397 1066 eidem
435 1017 654 1065 Miltiadi
681 1017 946 1078 dederunt,
975 1026 1033 1067 ut
1063 1019 1266 1081 insulas,
1295 1037 1424 1085 quae
1454 1020 1693 1070 barbaros
1717 1020 1855 1070 adiu-

232 1104 425 1155 verant,
461 1096 592 1144 bello
628 1106 1027 1162 persequeretur.
1104 1097 1216 1160 Quo
1249 1099 1462 1164 imperio
1496 1099 1760 1165 plerasque
1789 1099 1854 1148 ad

232 1176 448 1224 officium
483 1175 645 1224 redire
678 1177 854 1241 coegit,
887 1176 1153 1226 nonnullas
1184 1178 1235 1226 vi
1266 1178 1594 1244 expugnavit.
1668 1178 1747 1227 Ex
1778 1178 1855 1228 his

232 1255 420 1303 Parum
452 1255 666 1303 insulam
699 1256 878 1321 opibus
910 1255 1092 1304 elatam
1125 1273 1239 1306 cum
1274 1257 1501 1307 oratione
1534 1257 1855 1308 reconciliare

232 1352 332 1383 non
383 1345 564 1400 posset,
612 1335 778 1400 copias
822 1353 847 1384 e
898 1336 1110 1384 navibus
1153 1336 1346 1396 eduxit,
1393 1336 1570 1386 urbem
1619 1336 1855 1402 operibus

230 1414 411 1463 elausit.
446 1415 683 1479 omnique
719 1425 1003 1464 commeatu
1038 1416 1261 1481 privavit
1274 1436 1286 1477 3
1321 1415 1439 1465 dein
1478 1417 1639 1466 vineis
1671 1434 1728 1466 ac
1763 1424 1856 1466 tes·

232 1493 496 1541 tudinibus
528 1494 817 1542 constitutis
853 1495 1058 1559 propius
1090 1512 1261 1544 muros
1294 1495 1514 1544 accessit.
1590 1494 1720 1545 Cum
1755 1496 1853 1544 iam

232 1573 281 1620 in
327 1590 385 1621 eo
429 1583 571 1633 esset,
620 1583 678 1622 ut
718 1573 905 1639 oppido
946 1575 1211 1640 potiretur,
1260 1574 1434 1641 procul
1477 1575 1528 1623 in
1573 1575 1854 1624 continenti

231 1651 385 1711 lucus,
416 1653 500 1716 qui
535 1671 595 1701 ex
629 1652 791 1701 insula
823 1654 1236 1718 conspiciebatur,
1270 1654 1435 1704 nescio
1464 1670 1566 1719 quo
1596 1670 1714 1703 casu
1745 1671 1854 1703 noc-

231 1743 384 1780 turno
415 1743 640 1797 tempore
673 1732 903 1780 incensus
936 1741 1024 1781 est.
1102 1734 1260 1783 Cuius
1294 1734 1495 1784 flamma
1529 1741 1589 1783 ut
1621 1733 1686 1782 ab
1719 1734 1855 1799 oppi-

228 1810 374 1859 danis
402 1821 451 1860 et
478 1811 914 1877 oppugnatorilms
941 1821 1017 1861 est
1044 1813 1163 1874 visa,
1194 1813 1423 1878 utrisque
1450 1812 1592 1862 venit
1621 1812 1673 1861 in
1699 1813 1855 1878 opini-

230 1907 376 1939 onem
405 1891 605 1954 signum
633 1910 660 1938 a
688 1891 952 1940 classiariis
980 1892 1111 1957 regis
1137 1891 1328 1941 datum.
1405 1892 1517 1954 Quo
1543 1892 1735 1942 factum
1760 1900 1850 1952 est,

230 1982 287 2018 ut
315 1981 365 2019 et
395 1971 526 2018 Parii
548 1989 577 2019 a
597 1970 856 2020 deditione
878 1971 1272 2032 deterrerentur,
1296 1980 1348 2021 et
1375 1971 1633 2022 Miltiades
1653 1971 1850 2031 timens,

232 2068 292 2099 ne
320 2050 488 2099 classis
517 2052 653 2114 regia
677 2050 992 2111 adventaret,
1024 2051 1239 2100 incensis
1266 2051 1514 2116 operibus,
1543 2068 1672 2117 quae
1698 2059 1855 2100 statu-

231 2141 351 2188 erat,
376 2148 488 2179 cum
518 2130 731 2179 totidem
761 2131 987 2191 navibus,
1017 2140 1171 2197 atque
1198 2140 1307 2180 erat
1332 2129 1601 2197 profectus,
1626 2129 1854 2179 Athenas

231 2227 413 2273 magna
439 2228 550 2259 cum
579 2212 852 2260 offensione
880 2212 1065 2261 civium
1094 2227 1299 2260 suorum
1326 2209 1528 2259 rediret.

302 2290 580 2339 Accusatus
601 2309 721 2356 erg«)
742 2300 817 2340 est
846 2291 1158 2357 proditionis,
1180 2288 1331 2355 quod,
1355 2305 1467 2338 cum
1495 2287 1681 2338 Parum
1702 2305 1854 2355 expu-

229 2385 384 2432 gnare
414 2379 592 2434 posset,
621 2390 649 2418 a
683 2388 797 2435 rege
824 2381 1091 2436 corruptus
1125 2371 1324 2419 infectis
1356 2367 1504 2418 rebus
1529 2366 1850 2418 discessisset.

233 2447 304 2496 Eo
338 2457 562 2514 tempore
595 2468 745 2513 aeger
776 2460 885 2499 erat
920 2451 1224 2509 vulneribus,
1265 2466 1394 2515 quae
1428 2447 1479 2496 in
1513 2446 1855 2513 oppugnando

231 2527 418 2592 oppido
457 2539 729 2593 acceperat.
811 2530 1000 2594 Itaque,
1044 2530 1282 2595 quoniam
1327 2528 1432 2595 ipse
1471 2543 1563 2593 pro
1598 2543 1651 2576 se
1688 2525 1855 2576 dicere

232 2623 330 2655 non
374 2617 555 2672 posset,
600 2608 752 2657 verba
793 2608 912 2656 iecit
956 2609 1111 2658 frater
1153 2609 1260 2658 eius
1306 2608 1615 2675 Stesagoras.
1691 2603 1856 2655 Causa

231 2686 434 2749 cognita
464 2687 641 2752 capitis
671 2687 934 2736 absolutus
965 2688 1175 2753 pecunia
1208 2687 1454 2738 multatus
1486 2695 1576 2748 est,
1606 2701 1765 2751 eaque
1795 2683 1855 2734 lie

231 2765 603 2833 quinquaginta
639 2765 842 2816 talentis
875 2767 1142 2816 aestimata
1175 2776 1265 2825 est,
1302 2775 1526 2833 quantus
1559 2766 1611 2817 in
1647 2764 1854 2815 classem

232 2854 465 2911 sumptus
505 2844 669 2895 factus
709 2853 830 2896 erat.
908 2845 1052 2897 Hanc
1091 2845 1355 2913 pecuniam
1391 2845 1530 2913 quod
1569 2844 1764 2898 solvere
1802 2842 1854 2893 in
