1971 3101
158 143 216 190 54
743 153 1015 189 connssnms
1049 153 1211 188 Nnros,

156 287 327 328 mente
372 275 767 343 Hellespontum
806 277 974 341 copias
1017 276 1220 325 traiecit
1263 283 1511 341 tantaque
1553 289 1676 325 usus
1720 282 1798 326 est

157 359 428 418 celeritate,
458 365 530 418 ut,
561 356 700 422 quod
724 357 824 405 iter
851 356 1047 405 Xerxes
1072 372 1207 406 anno
1233 363 1468 405 vertente
1494 355 1794 417 confecerat,

157 438 236 488 hic
278 438 539 487 transierit
585 450 710 486 XXX
753 436 946 486 diebus.
1039 435 1170 485 Cum
1213 436 1315 484 iam
1355 435 1494 485 haud
1533 436 1608 485 ita
1647 435 1797 503 longe

155 519 354 568 abesset
372 535 401 566 a
418 517 786 583 Peloponneso,
802 517 1047 566 obsistere
1066 516 1111 565 ei
1129 516 1296 565 conati
1316 524 1437 565 sunt
1454 515 1798 566 Athenienses

157 607 208 649 et
247 599 445 647 Boeotii
484 598 740 662 ceterique
779 614 955 646 eorum
993 596 1114 645 socii
1147 595 1287 662 apud
1325 595 1634 658 Coroneam,
1670 613 1798 661 quos

157 696 332 729 omnes
364 678 510 744 gravi
536 677 728 743 proelio
763 677 899 726 vicit.
978 676 1148 725 Huius
1182 676 1426 725 victoriae
1460 675 1542 725 vel
1574 676 1799 725 maxima

156 759 257 808 fuit
301 759 423 819 laus,
466 757 616 823 quod,
659 775 773 806 cum
818 757 1047 822 plerique
1086 773 1151 805 ex
1195 755 1319 822 fuga
1357 773 1409 805 se
1455 756 1509 804 in
1546 755 1799 821 templum

159 839 422 889 Minervae
469 838 800 887 coniecissent
845 842 1279 902 quaerereturque
1319 836 1383 885 ab
1428 853 1500 897 eo,
1545 835 1671 901 quid
1719 836 1798 885 his

156 920 311 969 vellet
349 920 470 980 fieri,
506 920 601 968 etsi
639 918 836 982 aliquot
874 917 1087 966 vulnera
1124 924 1389 982 acceperat
1420 933 1478 966 eo
1515 916 1709 982 proelio
1748 924 1800 966 et

156 1001 316 1049 iratus
354 999 627 1049 videbatur
665 998 914 1058 omnibus,
957 998 1045 1062 qui
1090 996 1336 1046 adversus
1373 1012 1515 1047 arma
1553 997 1795 1058 tulerant,

120 1088 329 1129 ‘tamen
372 1079 616 1128 antetulit
666 1079 769 1127 irae
814 1077 1113 1143 religionem
1158 1084 1212 1125 et
1254 1094 1339 1126 eos
1383 1076 1552 1126 vetuit
1600 1076 1795 1127 violari.

157 1160 338 1225 Neque
359 1177 479 1209 vero
505 1159 599 1208 hoc
621 1158 785 1207 solum
811 1159 864 1206 in
886 1157 1099 1207 Graecia
1126 1156 1260 1217 fecit,
1285 1164 1345 1206 ut
1371 1156 1565 1222 templa
1585 1156 1800 1207 deorum

157 1249 329 1289 sancta
356 1239 579 1299 haberet,
611 1238 699 1287 sed
726 1239 880 1287 etiam
901 1237 1042 1303 apud
1065 1237 1308 1286 barbaros
1335 1253 1533 1286 summa
1554 1237 1800 1303 religione

157 1321 325 1370 omnia
361 1319 628 1368 simulacra
662 1335 876 1383 arasque
914 1317 1250 1368 conservavit.
1328 1317 1512 1382 Itaque
1547 1317 1801 1384 praedica-

155 1401 244 1449 bat
293 1400 467 1449 mirari
518 1417 568 1449 se
632 1417 732 1449 non
783 1398 1144 1464 sacrilegorum
1205 1415 1420 1447 numero
1470 1397 1659 1458 haberi,
1712 1397 1802 1464 qui

157 1481 469 1546 supplicibus
497 1497 672 1529 eorum
698 1479 1004 1538 nocuissent,
1035 1486 1126 1527 aut
1152 1496 1254 1527 non
1274 1478 1597 1545 gravioribus
1625 1478 1801 1544 poenis

155 1561 296 1621 affici,
322 1561 408 1626 qui
430 1560 727 1626 religionem
749 1559 1054 1619 minuerent,
1080 1576 1235 1624 quam
1257 1558 1345 1623 qui
1365 1558 1484 1607 fana
1505 1558 1798 1624 spoliarent.

227 1641 270 1692 5.
314 1642 438 1690 Post
471 1641 564 1689 hoc
597 1639 848 1706 proelium
875 1639 1118 1689 collatum
1152 1655 1302 1688 omne
1336 1638 1528 1689 bellum
1561 1646 1638 1688 est
1671 1639 1802 1690 circa

157 1721 464 1772 Corinthum
510 1720 726 1786 ideoque
779 1719 1106 1770 Corinthium
1152 1727 1230 1769 est
1279 1719 1608 1786 appellatum.
1702 1719 1801 1770 Hic

157 1820 267 1850 cum
321 1819 423 1850 una
473 1818 646 1868 pugna
694 1800 870 1850 decem
921 1800 1061 1849 milia
1110 1799 1339 1849 hostium
1388 1800 1629 1867 Agesilao
1672 1800 1802 1851 duce

156 1882 456 1931 cecidissent
503 1899 664 1947 eoque
709 1881 845 1930 facto
887 1898 1006 1947 opes
1051 1880 1461 1931 adversariorum
1501 1880 1802 1931 debilitatae

157 1962 468 2023 viderentur,
512 1970 717 2011 tantum
755 1961 888 2010 afuit
924 1961 989 2011 ab
1026 1961 1299 2011 insolentia
1336 1961 1540 2028 gloriae,
1581 1968 1642 2011 ut
1673 1979 1802 2011 com-

157 2043 426 2092 miseratus
465 2044 531 2092 sit
570 2043 833 2092 fortunam
873 2041 1129 2103 Graeciae,
1172 2041 1311 2107 quod
1348 2048 1456 2091 tam
1493 2041 1645 2091 multi
1682 2059 1712 2090 a
1749 2059 1801 2092 se

156 2124 278 2173 victi
300 2124 427 2174 vitio
447 2124 858 2173 adversariorum
882 2122 1245 2172 concidissent:
1284 2139 1505 2188 namque
1526 2122 1612 2171 illa
1631 2121 1802 2171 multi-

155 2204 349 2265 tudine,
385 2205 426 2253 si
465 2222 586 2253 sana
623 2222 766 2254 mens
806 2211 939 2253 esset
978 2202 1236 2264 Graeciae,
1277 2202 1583 2268 supplicium
1620 2201 1801 2251 Persas

155 2285 277 2335 dare
303 2285 543 2351 potuisse.
621 2284 765 2334 Idem
792 2302 908 2334 cum
934 2284 1252 2334 adversarios
1284 2284 1420 2333 intra
1445 2282 1646 2332 moenia
1672 2299 1802 2332 com-

155 2365 370 2431 pulisset
397 2373 461 2426 et,
491 2373 551 2414 ut
578 2364 885 2415 Corinthum
913 2371 1249 2432 oppugnaret,
1280 2363 1432 2412 multi
1451 2362 1796 2423 hortarentur,

157 2446 366 2513 negavit
396 2445 448 2494 id
477 2463 596 2495 suae
624 2446 807 2494 virtuti
840 2446 1135 2495 convenire:
1176 2462 1228 2495 se
1255 2444 1392 2495 enim
1417 2460 1534 2493 eum
1561 2459 1681 2503 esse,
1712 2443 1800 2508 qui

155 2526 221 2575 ad
271 2527 491 2576 officium
553 2526 810 2592 peccantis
860 2525 1026 2576 redire
1077 2534 1294 2593 cogeret,
1348 2541 1450 2574 non
1499 2523 1588 2589 qui
1648 2523 1801 2573 urbes

156 2606 496 2655 nobilissimas
547 2614 869 2674 expugnaret
919 2606 1173 2656 Graeciae.
1275 2604 1455 2654 “Nam
1504 2602 1580 2653 si''
1630 2603 1801 2668 inquit

161 2691 290 2736 “eos
340 2687 668 2753 exstinguere
718 2686 1047 2746 voluerimus,
1102 2686 1190 2751 qui
1240 2685 1506 2735 nobiscum
1554 2681 1800 2733 adversus

157 2766 402 2816 barbaros
429 2774 700 2827 steterunt,
732 2774 934 2816 nosmet
960 2766 1057 2832 ipsi
1089 2783 1179 2815 nos
1206 2764 1674 2832 expugnaverimus
1698 2762 1800 2812 illis

157 2847 551 2911 quiescentibus
637 2846 750 2909 Quo
788 2847 924 2897 facto
962 2847 1070 2896 sine
1109 2845 1328 2913 negotiO,
1371 2861 1486 2895 cum
1524 2843 1797 2904 voluerint,

157 2944 248 2978 nos
276 2927 610 2995 opprime11t.⁷'
