2004 3165
840 139 1059 171 Arm-mrs,
1725 124 1784 170 79

112 263 423 332 potiturum.
526 261 629 314 Sed
683 262 874 313 sensim
928 262 970 312 is
1022 279 1053 311 a
1106 259 1369 311 nonnullis
1422 259 1780 327 optimatibuS,

113 344 460 396 familiaribus
499 345 624 407 eiUS,
667 343 1162 412 reprehendebatur,
1205 342 1346 409 quod
1391 359 1576 409 parum
1615 341 1784 392 odisse

113 426 277 478 malos
315 427 454 478 cives
494 425 776 477 videretur.
868 425 963 477 Ille
1001 434 1192 487 autem,
1236 425 1315 475 sui
1356 423 1549 486 iudicii,
1592 424 1781 491 potiUS,

113 508 243 576 quid
294 526 347 560 se
392 508 562 560 facere
612 526 708 576 par
751 515 900 570 esset,
950 507 1257 559 intuebatur
1299 524 1470 574 quam,
1519 505 1647 573 quid
1696 505 1784 556 alii

115 588 378 641 laudaturi
406 590 593 642 forent.

189 671 267 723 10.
310 671 574 723 Conversa
602 672 778 723 subito
812 671 1026 722 fortuna
1052 680 1144 723 est.
1224 670 1303 721 Ut
1329 670 1594 720 Antonius
1628 669 1787 720 rediit

114 752 169 803 in
197 752 419 815 Italiam,
447 772 599 805 nemo
626 772 730 804 non
758 772 950 822 magno
977 754 1028 803 in
1058 752 1286 821 periculo
1308 752 1546 802 Atticum
1574 760 1787 819 putarat

114 842 330 902 propter
390 835 634 885 intimam
698 836 1110 886 familiaritatem
1174 834 1436 886 Ciceronis
1500 843 1552 884 et
1617 834 1782 884 Bruti.

116 915 303 984 Itaque
345 915 413 967 ad
462 917 751 968 adventum
803 919 1178 986 imperatorum
1229 916 1293 967 de
1339 916 1452 966 foro
1495 915 1788 966 decesserat

113 998 306 1049 timens
344 999 777 1067 proscriptionem
817 1000 1116 1066 latebatque
1154 998 1293 1066 apud
1334 998 1389 1048 P.
1427 997 1782 1060 Volumnium,

114 1080 211 1142 cui,
231 1088 294 1131 ut
314 1080 652 1144 ostendimus,
673 1082 830 1149 paulo
849 1092 971 1132 ante
989 1100 1139 1149 opem
1162 1081 1356 1131 tulerat
1374 1082 1546 1146 (uinta
1562 1080 1787 1130 variet-as

114 1161 196 1213 his
232 1163 555 1231 temporibus
596 1163 699 1214 fuit
740 1164 996 1226 fortunae,
1032 1174 1093 1213 ut
1134 1162 1288 1213 modo
1325 1162 1377 1212 hi
1419 1161 1576 1212 modo
1616 1162 1690 1212 illi
1733 1162 1786 1212 in

115 1262 320 1297 summo
370 1254 544 1296 essent
592 1255 686 1296 aut
737 1246 948 1314 fastigio
998 1256 1091 1295 aut
1142 1244 1408 1312 periculo),
1458 1244 1786 1310 habebatque

114 1344 289 1378 secum
317 1327 374 1391 Q.
405 1327 635 1378 Gellium
663 1326 878 1389 Canum,
908 1327 1178 1394 aequalem
1205 1326 1631 1392 simillimumque
1659 1326 1750 1376 sui.

188 1408 302 1460 Hoc
333 1427 542 1476 quoque
573 1410 642 1459 sit
672 1410 837 1460 Attici
871 1410 1121 1460 bonitatis
1154 1408 1466 1476 exemplum,
1496 1407 1636 1474 quod
1670 1425 1787 1458 eum

115 1507 190 1553 eo,
219 1508 376 1558 quem
403 1508 623 1559 puerum
650 1491 704 1541 in
732 1491 856 1542 ludo
883 1502 1144 1558 cognorat,
1175 1491 1306 1542 adeo
1333 1491 1607 1541 coniuncte
1634 1490 1783 1552 vixit,

114 1580 178 1623 ut
206 1572 274 1623 ad
305 1580 594 1624 extremam
625 1582 853 1624 aetatem
888 1574 1117 1623 amicitia
1153 1591 1332 1623 eorum
1368 1573 1603 1623 creverit.
1683 1573 1786 1622 An-

115 1655 291 1706 tonius
322 1663 513 1717 autem,
545 1656 642 1706 etsi
675 1663 826 1706 tanto
853 1655 973 1705 odio
1001 1655 1266 1705 ferebatur
1298 1655 1350 1704 in
1379 1653 1695 1715 Ciceronem,
1727 1664 1788 1704 ut

115 1754 221 1788 non
247 1737 415 1788 solum
442 1738 502 1799 ei,
533 1736 623 1788 sed
651 1738 808 1788 etiam
837 1737 1077 1787 omnibus
1104 1737 1213 1787 eius
1245 1736 1422 1786 amicis
1455 1745 1589 1786 esset
1622 1736 1788 1786 inimi-

115 1834 205 1868 cus
238 1835 428 1885 eosque
461 1817 620 1869 vellet
653 1818 986 1886 proscribere,
1025 1817 1203 1868 multis
1239 1817 1572 1868 hortantibus
1611 1828 1786 1868 tamen

114 1898 282 1950 Attici
321 1917 520 1951 mernor
557 1899 661 1950 fuit
698 1900 849 1951 officii
889 1908 942 1950 et
981 1901 1040 1960 ei,
1072 1918 1187 1949 cum
1219 1899 1541 1966 requisisset,
1573 1899 1786 1949 ubinam

114 1989 264 2043 esset,
311 1998 405 2032 sua
448 1999 607 2032 manu
657 1983 876 2050 scripsit,
926 2000 988 2032 ne
1035 1982 1243 2032 timeret
1288 1981 1572 2047 statimque
1616 1980 1682 2030 ad
1734 1999 1786 2031 se

115 2063 342 2114 veniret:
382 2081 436 2114 se
463 2081 581 2114 eum
609 2071 662 2115 et
700 2064 839 2115 illius
871 2082 1023 2114 causa
1051 2063 1252 2114 Canum
1280 2062 1344 2113 (le
1378 2063 1786 2130 proscriptorum

116 2162 334 2196 numero
385 2147 650 2198 exemisse.
742 2146 820 2197 Ac
872 2165 935 2197 ne
986 2145 1125 2212 quod
1179 2144 1464 2212 periculum
1517 2144 1783 2207 incideret,

114 2227 258 2294 quod
297 2236 455 2278 noctu
492 2227 663 2290 fiebat,
700 2228 1017 2296 praesidium
1054 2228 1098 2278 ei
1139 2227 1295 2277 misit.
1373 2226 1456 2276 Sic
1484 2227 1694 2276 Atticus
1733 2227 1786 2276 in

115 2325 321 2360 summo
347 2310 534 2361 timore
561 2327 664 2361 non
703 2310 871 2361 solum
911 2310 1022 2371 sibi,
1055 2308 1144 2359 sed
1178 2309 1334 2359 etiam
1364 2308 1424 2370 ei,
1456 2326 1609 2375 quern
1638 2309 1787 2358 caris-

115 2390 307 2442 simum
339 2390 578 2454 habebat,
609 2391 869 2460 praesidio
897 2391 1010 2442 fuit.
1093 2391 1275 2457 Neque
1304 2391 1441 2441 enim
1469 2409 1591 2442 suae
1618 2391 1786 2442 solum

114 2489 148 2523 a
189 2490 453 2540 quoquam
502 2473 759 2525 auxilium
810 2474 965 2541 petiit
1014 2472 1212 2535 salutis,
1260 2472 1350 2523 sed
1401 2473 1678 2534 coniuncti,
1727 2482 1787 2523 ut

114 2562 392 2622 appareret
431 2554 628 2606 nullam
669 2556 955 2606 seiunctam
997 2555 1093 2605 sibi
1132 2554 1198 2603 ab
1236 2571 1296 2604 eo
1328 2553 1460 2605 velle
1503 2554 1782 2605 fortunam.

116 2634 270 2700 Quod
308 2636 350 2686 si
388 2635 709 2705 gubernator
747 2638 1022 2704 praecipua
1061 2636 1213 2686 laude
1253 2635 1434 2698 fertur,
1470 2637 1559 2703 qui
1600 2654 1785 2686 navem

115 2733 182 2768 ex
219 2716 391 2769 hieme
427 2718 663 2785 marique
700 2718 970 2785 scopuloso
1009 2726 1196 2779 servat,
1238 2735 1329 2768 cur
1367 2736 1470 2768 non
1510 2717 1787 2786 singularis

114 2796 227 2849 eius
259 2798 592 2850 existimetur
625 2798 917 2867 prudentia,
947 2799 1036 2865 qui
1072 2815 1135 2849 ex
1175 2806 1255 2848 tot
1292 2806 1505 2866 tamque
1538 2798 1786 2867 gravibus

115 2877 355 2946 procellis
381 2879 621 2931 civilibus
645 2879 713 2931 ad
739 2879 1152 2930 incolumitatem
1180 2881 1452 2947 pervenit?

191 2958 271 3011 11.
313 2959 514 3025 Quibus
553 2976 619 3012 ex
660 2960 809 3011 malis
849 2968 911 3011 ut
953 2977 1007 3012 se
1047 2961 1272 3023 emersit,
1316 2961 1444 3011 nihil
1489 2959 1632 3012 aliud
1677 2961 1786 3029 egit
