1971 3101
220 162 279 203 84
806 156 1079 192 commutis
1112 154 1275 186 NEPOS.

221 308 354 350 suae,
386 304 539 353 quam
567 282 755 334 ext-ulit
782 294 1035 329 annorum
1066 288 1151 334 XC,
1182 272 1329 322 annis
1354 283 1436 319 VII
1463 274 1516 318 et
1542 280 1615 316 LX
1641 283 1694 316 se
1720 283 1863 315 num-

222 387 376 436 quam
393 384 509 418 cum
529 372 692 414 matre
712 362 765 410 in
785 358 1005 427 gratiam
1025 355 1228 413 redisse,
1254 366 1536 415 numquam
1557 364 1672 396 cum
1693 363 1863 396 sorore

222 451 378 500 fuisse
398 449 451 496 in
473 444 747 501 simultate,
773 456 927 505 quam
948 452 1104 502 prope
1126 431 1390 497 aequalem
1412 427 1648 477 habebat.
1715 425 1864 488 Quod

224 539 299 581 est
336 529 540 595 signum
569 532 659 573 aut
690 520 882 570 nullam
922 531 1168 580 umquam
1205 513 1341 560 inter
1372 526 1456 559 eos
1494 506 1865 573 querimoniam

223 607 567 660 intercessisse
599 610 690 652 aut
722 601 857 650 hunc
891 615 949 647 ea
982 595 1139 644 fuisse
1177 593 1231 641 in
1265 607 1382 640 suos
1418 586 1755 654 indulgentia,
1789 595 1861 644 ut,

226 709 352 758 quos
385 704 554 738 amare
588 685 810 743 deberet,
847 678 996 728 irasci
1025 677 1096 727 eis
1130 674 1273 724 nefas
1298 673 1521 722 duceret.
1599 667 1781 732 Neque
1813 664 1867 714 id

226 773 347 822 fecit-
390 781 571 819 natura
612 765 788 823 solum,
834 774 1146 826 quamquam
1187 770 1361 804 omnes
1401 751 1445 801 ei
1486 764 1735 816 paremus,
1779 744 1869 795 sed

228 854 383 903 etiam
410 848 655 899 doctrina.
732 843 868 892 Nam
899 838 1190 907 principum
1216 831 1638 901 philosophorum
1663 828 1738 877 ita
1763 843 1870 892 per-

229 943 376 1000 cepta
402 929 581 980 habuit
608 930 891 992 praecepta,
922 928 982 970 ut
1008 920 1086 968 his
1112 917 1177 967 ad
1204 916 1364 964 vitam
1391 910 1656 979 agendam,
1677 925 1779 957 non
1805 905 1871 956 ad

231 1011 628 1065 ostentationem
655 1012 903 1055 uteretur.

303 1094 378 1144 18.
426 1090 583 1140 Moris
617 1087 773 1137 etiam
799 1084 1051 1133 maiorum
1084 1093 1313 1128 summus
1345 1073 1577 1123 imitator
1609 1069 1711 1118 fuit
1745 1067 1874 1117 anti-

231 1173 547 1241 quitatisque
582 1176 806 1227 amator,
844 1180 999 1230 quam
1024 1159 1152 1209 adeo
1185 1157 1461 1222 diligenter
1493 1150 1676 1200 habuit
1709 1146 1876 1214 cogni-

232 1264 352 1313 tam,
407 1260 465 1300 ut
516 1267 627 1299 eam
677 1254 842 1296 totam
890 1243 944 1292 in
994 1257 1052 1290 eo
1102 1237 1362 1287 volumine
1413 1229 1721 1297 exposuerit,
1775 1242 1877 1292 quo

234 1334 567 1400 magistratus
595 1325 867 1378 ordinavit.
945 1320 1102 1371 Nulla
1124 1318 1261 1368 enim
1287 1315 1370 1364 lex
1397 1328 1564 1377 neque
1590 1327 1693 1376 pax
1713 1322 1878 1372 neque

236 1414 429 1464 bellum
462 1428 627 1476 neque
660 1426 739 1458 res
773 1403 987 1455 illustris
1021 1409 1098 1450 est
1131 1396 1309 1465 populi
1343 1391 1575 1452 Romani,
1614 1405 1744 1455 quae
1777 1403 1880 1436 non

238 1496 289 1545 in
318 1512 376 1543 eo
404 1510 494 1543 suo
526 1502 755 1556 tempore
783 1487 850 1535 sit
883 1490 1073 1541 notata,
1105 1487 1169 1539 et,
1201 1475 1339 1542 quod
1374 1471 1730 1523 difficillimum
1763 1467 1877 1527 fuit,

240 1577 308 1625 sic
354 1573 664 1623 familiarum
705 1567 956 1633 originem
997 1558 1278 1616 subtexuit,
1323 1563 1383 1603 ut
1423 1571 1488 1602 ex
1529 1569 1587 1602 eo
1630 1550 1882 1599 clarorum

241 1658 467 1705 virorum
518 1649 821 1718 propagines
872 1643 1123 1711 possimus
1180 1651 1495 1703 cognoscere.
1589 1631 1733 1680 Fecit
1788 1628 1884 1677 hoc

241 1737 377 1786 idem
404 1732 677 1800 separatim
704 1730 756 1778 in
783 1727 894 1776 aliis
922 1723 1078 1783 libris,
1109 1728 1168 1769 ut
1198 1718 1266 1767 M.
1298 1715 1448 1766 Bruti
1474 1719 1659 1780 rogatu
1681 1709 1883 1759 Iuniam

243 1815 489 1866 familiam
522 1831 550 1862 a
586 1811 743 1876 stirpe
775 1807 839 1857 ad
875 1806 1005 1854 hanc
1037 1807 1261 1852 aet-atem
1297 1795 1476 1847 ordine
1509 1788 1886 1843 enumeraverit

244 1907 440 1955 notans,
488 1893 575 1958 qui
619 1910 647 1939 a
697 1904 900 1954 quoque
951 1892 1106 1942 ortus,
1154 1896 1281 1946 quos
1330 1877 1549 1926 honores
1599 1871 1887 1938 quibusque

245 1974 562 2041 temporibus
613 1970 854 2036 cepisset,
910 1965 1019 2032 pari
1074 1961 1227 2012 modo
1279 1955 1510 2009 Marcelli
1573 1950 1776 2003 Claudii
1825 1948 1889 1998 de

251 2055 621 2112 Marcellorum,
643 2048 893 2116 Scipionis
913 2043 1135 2096 Cornelii
1154 2038 1361 2091 etFabii
1381 2033 1597 2086 Maximi
1613 2031 1890 2082 Fabiorum

249 2146 299 2187 et
338 2134 688 2185 Aemiliorum.
767 2128 963 2192 Quibus
1001 2123 1144 2173 libris
1177 2119 1305 2170 nihil
1342 2123 1515 2184 potest
1546 2129 1654 2164 esse
1691 2109 1892 2160 dulcius

249 2219 322 2278 iis,
368 2216 455 2282 qui
497 2214 718 2278 aliquam
766 2207 1102 2274 cupiditatem
1146 2201 1340 2251 habent
1380 2196 1596 2247 notitiae
1640 2192 1893 2242 clarorum

250 2299 489 2347 virorum.
583 2292 778 2358 Attigit
822 2303 1026 2354 quoque
1070 2283 1317 2350 poeticen,
1363 2276 1630 2335 credimUS,
1675 2289 1739 2322 ne
1784 2270 1894 2320 eius

252 2395 433 2444 expers
477 2380 609 2425 esset
653 2369 935 2421 suavitatis.
1021 2365 1258 2427 Namque
1302 2357 1533 2408 versibus
1576 2353 1640 2403 de
1684 2353 1758 2413 iis,
1807 2349 1896 2416 qui

253 2460 445 2509 honore
482 2468 754 2517 rerumque
784 2457 1045 2516 gestarum
1076 2439 1421 2508 amplitudine
1453 2444 1647 2486 ceteros
1678 2430 1896 2482 Romani

255 2537 430 2606 populi
480 2533 862 2601 praestiterunt,
917 2523 1155 2592 exposuit
1204 2522 1290 2581 ita,
1337 2526 1398 2567 ut
1441 2516 1536 2566 sub
1579 2511 1898 2580 singulorum

257 2616 564 2684 imaginibus
626 2613 759 2660 facta
808 2608 1243 2674 magistratusque
1305 2614 1481 2649 eorum
1530 2612 1632 2644 non
1681 2590 1900 2657 amplius

258 2696 522 2765 quaternis
554 2692 825 2759 quinisque
858 2686 1089 2737 versibus
1120 2678 1472 2745 descripserit3
1509 2673 1648 2741 quod
1679 2672 1768 2721 vix
1803 2686 1902 2719 cre-

259 2777 486 2828 dendum
525 2775 604 2834 sit,
647 2779 816 2821 tantas
855 2785 933 2817 res
967 2775 1071 2815 tam
1109 2761 1337 2813 breviter
1374 2755 1602 2825 potuisse
1638 2749 1898 2803 declarari.

262 2859 354 2909 Est
389 2857 543 2906 etiam
574 2869 707 2902 unus
739 2850 866 2899 liber
896 2848 1087 2895 Graece
1119 2841 1395 2898 confectuS,
1429 2836 1493 2887 de
1526 2832 1794 2885 consulatu
1825 2828 1905 2879 Ci-

264 2954 471 2989 ceroms.
