2004 3165
786 76 1077 109 AGESILACS.
1099 49 1106 54 ’
1711 64 1775 104 55

165 201 211 254 6.
249 202 469 254 Interim
495 198 684 252 accidit
711 200 798 250 illa
819 199 1085 251 calamitas
1106 196 1247 266 apud
1275 196 1498 248 Leuctra
1520 194 1770 246 Lacedae-

93 284 295 336 moniis
391 284 507 348 Quo
558 300 621 334 ne
672 283 1096 351 proficisceretur,
1151 297 1269 330 cum
1318 297 1348 329 a
1398 278 1658 346 plerisque
1703 276 1771 327 ad

94 365 395 419 exeundum
436 373 774 434 premeretur,
819 373 879 414 ut
920 364 962 414 si
1003 362 1068 414 de
1111 362 1259 413 exitu
1303 360 1579 421 divinaret,
1628 359 1770 409 exire

95 448 280 500 noluit.
367 446 528 509 Idem,
570 464 688 497 cum
727 444 1114 513 Epaminondas
1160 444 1403 511 Spartam
1443 450 1772 509 oppugnaret

96 538 336 598 essetque
386 529 496 580 sine
546 529 710 579 muris
761 526 1026 595 oppidum,
1082 525 1241 576 talem
1291 542 1344 576 se
1401 525 1772 592 imperatorem

96 612 352 681 praebuit,
401 619 462 662 ut
506 627 566 661 eo
611 619 844 677 tempore
890 608 1130 660 omnibus
1175 607 1491 675 apparuerit,
1541 607 1637 656 nisi
1685 605 1771 656 ille

97 693 296 756 fuisset,
339 693 583 761 Spartam
629 691 863 742 futuram
903 708 1006 741 non
1047 690 1219 740 fuisse.
1308 689 1367 739 In
1408 705 1512 755 quo
1558 687 1772 754 quidem

96 775 396 827 discrimine
416 774 652 826 celeritas
670 774 779 824 eius
797 773 997 823 consilii
1020 772 1176 823 saluti
1199 771 1300 821 fuit
1318 771 1589 821 universis.
1635 770 1772 820 Nam

97 875 215 909 cum
259 857 476 925 quidam
520 855 899 907 adulescentuli
951 855 1180 905 hostium
1226 853 1460 904 adventu
1505 852 1772 920 perterriti

97 939 164 991 ad
202 939 479 991 Thebanos
518 939 846 1007 transfugere
880 937 1074 988 vellent
1107 946 1160 987 et
1200 935 1370 986 locum
1405 945 1555 986 extra
1590 935 1772 986 urbem

98 1021 301 1073 editum
344 1022 615 1089 cepissent,
661 1020 950 1089 Agesilaus,
995 1019 1084 1086 qui
1127 1018 1621 1086 perniciosissimum
1663 1017 1773 1067 fore

98 1102 316 1164 videret,
341 1104 383 1154 si
403 1102 825 1153 animadversum
847 1111 983 1153 esset
1003 1118 1320 1168 quemquam
1337 1099 1404 1150 ad
1426 1099 1589 1150 hostis
1611 1109 1774 1149 trans-

99 1184 282 1254 fugere
307 1186 495 1247 conari,
526 1203 643 1235 cum
671 1186 777 1235 suis
805 1203 865 1235 eo
897 1185 1042 1234 venit
1069 1193 1242 1250 atque,
1275 1191 1335 1232 ut
1362 1182 1402 1231 si
1437 1182 1573 1232 bono
1600 1181 1774 1231 animo

99 1266 357 1329 fecissent,
407 1266 643 1317 laudavit
688 1266 958 1317 consilium
1005 1283 1198 1326 eorum,
1248 1263 1389 1331 quod
1435 1281 1553 1314 eum
1604 1263 1774 1313 locum

100 1358 440 1418 occupassent
453 1369 465 1412 3
510 1348 564 1399 id
603 1367 655 1399 se
694 1366 902 1415 quoque
941 1349 1050 1399 fieri
1089 1347 1278 1398 debere
1324 1345 1771 1396 animadvertisse.

101 1431 185 1483 Sic
222 1431 570 1482 adulescentis
609 1429 853 1481 simulata
893 1429 1191 1480 laudatione
1233 1428 1559 1496 recuperavit
1598 1437 1654 1478 et
1688 1426 1774 1477 ad-

101 1514 292 1564 iunctis
312 1513 377 1565 de
398 1514 504 1564 suis
525 1513 802 1564 comitibus
830 1512 999 1563 locum
1022 1521 1199 1561 tutum
1222 1510 1446 1577 reliquit.
1528 1509 1771 1576 Namque

101 1595 177 1646 illi
227 1596 367 1646 aucti
419 1613 636 1646 numero
687 1612 880 1655 eorum,
931 1595 1019 1661 qui
1072 1603 1313 1660 expertes
1364 1602 1513 1643 erant
1557 1591 1772 1653 consilii,

102 1695 427 1729 commovere
454 1695 508 1728 se
537 1694 639 1727 non
667 1686 792 1727 sunt
818 1677 928 1726 ausi
959 1693 1122 1742 eoque
1153 1675 1413 1736 libentiuS‚
1445 1674 1586 1741 quod
1616 1674 1776 1725 latere

101 1759 509 1821 arbitrabantur,
540 1776 673 1825 quae
701 1758 1074 1827 cogitaverant.

175 1841 220 1893 7.
263 1840 385 1892 Sine
412 1839 574 1891 dubio
608 1848 727 1908 post
754 1840 1078 1890 Leuctricam
1115 1856 1346 1906 pugnam
1381 1837 1777 1888 Lacedaemonii

103 1939 158 1974 se
197 1940 483 1990 numquam
523 1921 818 1974 refecerunt
857 1939 1024 1988 neque
1064 1921 1343 1988 pristinum
1388 1919 1665 1986 imperium
1705 1937 1778 1970 re-

104 2013 435 2073 cuperarunt,
483 2021 600 2055 cum
645 2003 856 2054 interim
903 2020 1188 2069 numquam
1235 2001 1509 2069 Agesilaus
1553 2001 1774 2063 destitit,

105 2086 523 2157 quibuscumque
549 2085 702 2136 rebus
737 2093 925 2152 posset,
959 2084 1178 2151 patriam
1216 2084 1408 2133 iuvare.
1489 2082 1625 2133 Nam
1660 2101 1778 2133 cum

104 2168 381 2236 praecipue
402 2166 797 2219 Lacedaemonii
825 2165 1120 2234 indigerent
1152 2166 1380 2232 pecunia,
1406 2164 1492 2215 ille
1519 2165 1774 2227 omnibuS,

105 2249 196 2316 qui
234 2267 265 2300 a
303 2266 425 2317 rege
467 2247 781 2309 defecerant,
825 2246 1083 2315 praesidio
1122 2246 1249 2308 fuit3
1293 2264 1322 2295 a
1361 2246 1551 2312 quibus
1591 2263 1780 2313 magna

104 2329 332 2382 donatus
358 2331 578 2399 pecunia
604 2330 828 2398 patriam
856 2328 1165 2379 sublevavit.
1245 2328 1422 2394 Atque
1451 2328 1501 2377 in
1531 2327 1626 2377 hoc
1648 2327 1778 2378 illud

105 2412 160 2462 in
201 2412 381 2480 primis
425 2411 528 2462 fuit
571 2410 892 2470 admirabile,
942 2427 1058 2459 cum
1101 2409 1328 2459 maxima
1370 2426 1586 2459 munem
1627 2410 1672 2460 ei
1714 2409 1782 2459 ab

106 2493 317 2562 regibus
359 2510 419 2544 ac
467 2492 709 2561 dynastis
754 2491 1161 2557 civitatibusque
1211 2491 1588 2552 conferrentur,
1638 2491 1779 2558 quod

107 2574 237 2626 nihil
264 2591 513 2643 umquam
539 2574 753 2626 domum
781 2591 925 2624 suam
955 2573 1192 2635 contulit,
1217 2573 1346 2623 nihil
1373 2572 1438 2624 de
1466 2574 1623 2634 victu,
1651 2572 1780 2623 nihil

105 2651 172 2704 de
213 2653 411 2704 vestitu
453 2652 715 2704 Laconum
758 2652 998 2702 mutavit.
1086 2651 1255 2703 Domo
1296 2651 1478 2703 eadem
1522 2651 1626 2702 fuit
1667 2669 1782 2701 con-

107 2741 302 2797 tentus,
345 2751 450 2801 qua
493 2733 865 2802 Eurysthenes‚
911 2734 1213 2801 progenitor
1253 2734 1507 2784 maiorum
1548 2750 1776 2794 suorum,

107 2813 282 2866 fuerat
307 2831 460 2878 usus3
496 2832 652 2882 quam
680 2815 769 2882 qui
799 2815 1034 2875 intrarat,
1066 2814 1267 2865 nullum
1295 2814 1502 2883 signum
1531 2813 1778 2875 libidinis,

108 2894 313 2947 nullum
373 2895 611 2948 luxuriae
674 2895 851 2947 videre
914 2904 1134 2964 poterat,
1200 2904 1381 2947 contra
1436 2913 1495 2947 ea
1556 2895 1783 2965 plurima
