2004 3165
0 2351 9 2482 v—vvvv
0 2282 6 2329 --

839 121 1124 153 Aoi-:saaca
1759 113 1818 156 53

146 243 228 307 Et,
263 261 368 312 quo
405 242 691 296 studiosius
728 252 1058 295 armarentur
1097 244 1457 312 insigniusque
1489 256 1814 308 ornarentur,

145 326 376 395 praemia
414 326 700 394 proposuit,
739 326 930 393 quibus
969 326 1305 388 donarentur,
1349 344 1571 393 quorum
1611 328 1820 395 egregia

145 408 200 459 in
227 426 286 460 ea
317 425 372 459 re
399 407 585 459 fuisset
611 407 884 458 industria.
965 407 1109 459 Fecit
1136 408 1275 459 idem
1303 409 1356 458 in
1385 409 1818 460 exercitationum

143 490 437 559 generibus,
468 498 542 552 ut,
571 490 661 557 qui
701 490 886 540 ceteris
919 490 1318 558 praestitissent,
1357 508 1442 541 eos
1476 491 1679 559 magnis
1717 492 1819 541 affi-

145 580 285 623 ceret
315 572 633 623 muneribus.
714 572 810 622 His
843 573 1006 640 igitur
1038 573 1191 623 rebus
1219 573 1401 634 effecit,
1432 582 1493 623 ut
1520 583 1573 623 et
1604 574 1819 623 ornatis-

145 654 335 704 simum
362 662 416 704 et
443 654 935 706 exercitatissimum
963 653 1178 705 haberet
1205 655 1507 705 exercitum.

218 735 356 786 Huic
400 753 518 786 cum
564 745 772 803 tempus
824 745 958 787 esset
1004 736 1173 786 visum
1219 737 1392 804 copias
1437 736 1711 787 extrahere
1754 755 1818 788 ex

145 817 506 880 hibernaculiS,
537 817 685 879 vidit,
717 819 772 880 si,
805 836 908 885 quo
942 827 1077 869 esset
1111 819 1212 868 iter
1237 818 1484 880 facturUS,
1509 818 1680 886 palam
1707 837 1819 886 pro-

145 900 452 962 nuntiasset,
488 899 653 951 hostis
690 918 791 951 non
824 900 1111 951 credituros
1142 900 1371 967 aliasque
1407 902 1643 969 regiones
1679 919 1819 968 prae-

144 981 290 1033 sidiis
317 991 660 1050 occupaturos
688 1000 855 1049 neque
877 982 1211 1033 dubitaturos
1232 982 1375 1032 aliud
1399 1000 1516 1036 eum
1538 983 1813 1045 facturum,

143 1082 202 1114 ae
233 1064 639 1132 pronuntiasset.
720 1064 904 1131 Itaque
933 1082 1050 1114 cum
1078 1064 1163 1114 ille
1193 1064 1369 1114 Sardis
1397 1065 1595 1115 iturum
1629 1083 1681 1116 se
1708 1065 1818 1115 dix-

143 1146 283 1209 isset,
308 1145 682 1214 Tissaphernes
704 1146 922 1197 eandem
951 1146 1156 1197 Cariam
1178 1146 1562 1197 defendendam
1591 1148 1813 1214 putavit.

145 1228 208 1279 In
234 1246 339 1296 quo
373 1246 491 1279 cum
525 1246 644 1279 eum
678 1228 854 1295 opinio
889 1227 1158 1279 fefellisset
1186 1229 1487 1296 victumque
1520 1246 1573 1279 se
1601 1229 1818 1279 vidisset

144 1310 371 1374 consilio,
402 1328 516 1362 sero
542 1311 649 1361 suis
675 1309 932 1378 praesidio
960 1310 1223 1377 profectus
1251 1316 1341 1361 est.
1420 1310 1558 1361 Nam
1585 1329 1701 1361 eum
1729 1310 1818 1361 illo

144 1394 386 1453 venisset,
430 1393 533 1443 iam
568 1392 844 1460 Agesilaus
886 1392 1066 1442 multis
1109 1392 1231 1442 locis
1273 1393 1586 1461 expugnatis
1629 1396 1840 1461 magna*

143 1486 256 1527 erat
299 1474 492 1543 praeda
532 1475 747 1543 potitus,
842 1474 975 1524 Laco
1019 1482 1196 1524 autem
1243 1492 1358 1524 eum
1405 1474 1607 1525 videret
1652 1474 1816 1525 hostis

143 1558 385 1625 equitatu
401 1574 659 1625 superare,
681 1574 967 1623 numquam
989 1556 1041 1606 in
1061 1574 1241 1623 eampo
1259 1557 1337 1606 sui
1360 1556 1481 1607 feeit
1500 1565 1816 1624 potestatem

142 1647 196 1692 et
222 1640 284 1691 iis
311 1639 435 1692 locis
455 1657 669 1690 manum
697 1639 972 1699 conseruit,
999 1639 1188 1705 quibus
1210 1638 1324 1705 plus
1352 1638 1618 1706 pedestres
1640 1640 1816 1707 copiae

142 1721 391 1773 valerent.
478 1720 689 1789 Pepulit
728 1739 864 1790 ergo,
908 1721 1337 1787 ‹vluotiescumque
1377 1738 1680 1789 congressus
1720 1731 1812 1784 est,

141 1803 311 1855 multo
336 1803 557 1858 maiores
583 1803 1000 1854 adversariorum
1033 1803 1204 1869 copias
1231 1812 1283 1853 et
1310 1802 1380 1853 sie
1413 1803 1466 1853 in
1495 1803 1621 1853 Asia
1649 1822 1815 1854 versa·

141 1894 228 1937 tus
255 1894 348 1948 est,
379 1893 441 1936 ut
467 1885 701 1936 omnium
728 1885 970 1953 opinione
999 1885 1165 1935 vietor
1191 1884 1483 1935 duceretur.

210 1967 258 2020 4.
295 1966 396 2020 Hic
423 1985 540 2020 cum
567 1967 669 2018 iam
696 1967 870 2018 animo
897 1966 1242 2017 meditaretur
1269 1967 1521 2034 proficisci
1550 1967 1602 2017 in
1631 1967 1814 2019 Persas

141 2058 195 2102 et
220 2050 392 2118 ipsum
418 2066 593 2118 regem
614 2048 821 2110 adoriri,
854 2049 1069 2099 nuntius
1091 2049 1134 2099 ei
1157 2048 1313 2099 domo
1335 2049 1479 2099 venit
1501 2048 1813 2116 ephororum

140 2132 303 2183 missu
332 2130 529 2182 bellum
560 2130 909 2181 Athenienses
941 2140 994 2181 et
1029 2131 1249 2181 Boeotos
1282 2131 1531 2181 indixisse
1565 2130 1814 2182 Lacedae-

139 2213 328 2264 moniis
341 2233 354 2277 3
391 2230 552 2280 quare
591 2213 768 2263 venire
796 2231 859 2263 ne
898 2212 1180 2263 dubitaret.
1264 2213 1323 2262 In
1363 2213 1457 2264 hoc
1498 2230 1601 2263 non
1640 2213 1813 2264 minus

140 2294 251 2346 eius
282 2294 449 2363 pietas
475 2293 804 2362 suspicienda
835 2302 914 2345 est
947 2312 1102 2361 quam
1133 2295 1300 2344 virtus
1332 2294 1537 2345 bellica:
1578 2295 1666 2362 qui
1695 2312 1812 2345 eum

140 2377 326 2428 victori
352 2385 614 2444 praeesset
634 2377 886 2428 exercitui
915 2377 1300 2443 maximamque
1327 2376 1542 2427 haberet
1570 2376 1812 2427 fiduciam

139 2458 286 2527 regni
322 2457 600 2509 Persarum
635 2458 892 2526 potiundi,
937 2466 1083 2508 tanta
1122 2457 1377 2508 modestia
1415 2457 1556 2509 dicto
1594 2457 1811 2509 audiens

139 2538 243 2591 fuit
285 2540 437 2590 iussis
480 2539 777 2591 absentium
819 2540 1236 2607 magistratuum,
1286 2549 1346 2590 ut
1391 2540 1430 2590 si
1478 2541 1713 2607 privatus
1758 2541 1810 2590 in

138 2620 350 2672 comitio
376 2628 513 2672 esset
539 2620 771 2689 Spartae.
851 2620 1012 2672 Cuius
1040 2620 1337 2688 exemplum
1366 2622 1566 2671 utinam
1595 2622 1811 2689 impera-

138 2709 278 2754 tores
304 2702 470 2754 nostri
496 2703 643 2771 sequi
673 2703 982 2754 voluissent!
1059 2701 1161 2752 Sed
1189 2702 1309 2753 illuc
1338 2702 1622 2754 redeamus

209 2783 486 2853 Agesilaus
506 2784 903 2853 opulentissimo
924 2801 1084 2852 regno
1104 2785 1405 2852 praeposuit
1426 2785 1614 2839 bonam
1636 2785 1810 2836 existi-

137 2865 422 2918 mationem
447 2865 719 2934 multoque
744 2865 1020 2935 gloriosius
1046 2865 1215 2929 duxit,
1246 2865 1287 2916 si
1320 2866 1578 2917 institutis
1610 2867 1809 2934 patriae

135 2947 409 3017 paruisset,
451 2964 609 3016 quam
635 2947 677 2999 si
716 2947 853 2999 bello
891 2957 1184 3015 superasset
1223 2948 1415 2998 Asiam.
1498 2948 1609 2999 Hae
1646 2948 1811 3017 igitur
