2004 3165
871 91 1090 123 A'r'rlccs.
1760 82 1817 124 73

141 214 406 274 gladiators
429 219 480 259 to
503 213 607 259 hire
631 213 762 259 them
784 219 871 259 out
895 219 944 259 to
968 213 1053 258 the
1075 213 1267 270 aediles,
1287 213 1380 258 and
1407 214 1514 258 that
1538 214 1596 258 lie
1622 214 1724 259 lent
1747 213 1822 259 his

143 286 329 332 friends
353 302 527 346 money
550 302 609 332 on
637 287 852 332 interest.
918 286 1083 332 Cicero
1109 286 1317 346 thought
1341 286 1422 331 the
1441 293 1642 331 account
1666 287 1822 331 which

143 359 340 405 Atticus
370 364 517 404 wrote
546 360 595 404 in
628 358 790 405 Greek
818 359 868 403 of
895 358 970 403 his
994 358 1271 418 consulship
1298 359 1465 404 rather
1487 359 1627 412 bald;
1665 359 1702 403 it
1728 374 1823 403 was

144 432 381 492 probably
416 438 501 477 not
534 431 672 477 florid
709 431 901 491 enough
937 437 988 476 to
1023 432 1178 490 please
1215 431 1328 476 him.
1396 433 1594 476 Atticus
1628 431 1821 476 sliowed

143 510 284 566 great
317 504 551 550 kindness
585 510 635 549 to
669 504 898 549 Terentia
931 504 1112 564 during
1148 504 1231 549 the
1267 505 1390 549 exile
1426 506 1475 549 of
1512 505 1689 561 Cicero,
1726 503 1824 549 and

143 576 316 637 helped
342 577 429 622 her
455 576 570 621 with
595 592 784 635 money,
811 576 906 622 and
932 576 1111 636 proved
1140 593 1166 620 a
1196 584 1304 622 true
1333 576 1493 621 friend
1522 583 1572 621 to
1597 577 1684 621 her
1712 577 1822 620 hus-

146 649 273 695 band
291 656 344 694 at
362 649 474 695 that
492 650 609 694 time
629 649 693 708 by
711 650 972 709 reproving
991 649 1092 693 him
1112 649 1187 693 for
1206 650 1289 694 the
1308 650 1571 695 cowardice
1589 650 1745 694 which
1764 650 1823 694 he

142 721 336 767 showed
361 722 412 766 in
436 722 512 767 his
535 722 842 778 misfortune,
863 722 1006 767 while
1026 721 1086 767 he
1105 721 1303 767 worked
1327 722 1451 767 hard
1474 723 1550 767 for
1569 722 1642 767 his
1666 723 1821 767 recall.

216 861 260 912 1.
303 861 360 912 T.
404 861 742 912 P0M1>0N1cs
781 861 1042 923 ATTICL'S,
1077 861 1143 912 ab
1182 861 1382 929 origine
1421 860 1608 911 ultima
1647 862 1823 928 stirpis

128 944 414 995 *Romanae
471 952 769 1012 generatuS,
823 952 1079 1011 perpetuo
1136 962 1166 994 a
1223 944 1508 994 maioribus
1558 954 1824 1010 acceptam

142 1033 442 1094 equestrem
470 1026 702 1077 obtinuit
728 1025 1059 1094 dignitatem.
1127 1026 1285 1077 Patre
1312 1044 1438 1077 usus
1466 1034 1544 1077 est
1570 1026 1824 1094 diligente

143 1116 209 1171 et,
253 1115 316 1159 ut
363 1116 477 1158 tum
523 1117 673 1159 erant
719 1117 967 1175 tempora,
1015 1108 1114 1158 diti
1159 1109 1211 1159 in
1257 1109 1543 1176 primisque
1589 1108 1825 1159 studioso

140 1190 453 1242 litterarum.
548 1189 664 1252 Hic,
710 1199 869 1257 prout
913 1191 1023 1258 ipse
1068 1192 1278 1245 amabat
1324 1191 1539 1253 litteras,
1584 1191 1825 1242 omnibus

143 1273 412 1336 doctrinis,
458 1272 649 1340 quibus
694 1272 907 1340 puerilis
951 1282 1096 1323 aetas
1140 1274 1398 1340 impertiri
1439 1273 1612 1335 debet,
1660 1273 1825 1323 filium

147 1355 395 1407 erudivit.
497 1354 627 1405 Erat
675 1364 853 1405 autem
911 1355 964 1404 in
1023 1373 1186 1423 puero
1244 1364 1452 1423 praeter
1501 1355 1825 1406 docilitatem

141 1437 339 1506 ingenii
379 1455 584 1488 summa
623 1438 855 1488 suavitas
895 1437 998 1488 oris
1036 1446 1196 1504 atque
1224 1438 1377 1500 vocis,
1413 1446 1473 1488 ut
1513 1456 1617 1488 non
1657 1438 1825 1488 solum

141 1521 384 1572 celeriter
426 1521 698 1588 acciperet,
741 1538 875 1587 quae
920 1519 1279 1581 tradebantur,
1323 1520 1413 1571 sed
1460 1521 1617 1570 etiam
1664 1520 1825 1571 excel-

141 1603 312 1654 lenter
345 1603 731 1671 pronuntiaret.
811 1602 925 1666 Qua
953 1620 1017 1652 ex
1045 1620 1099 1653 re
1134 1603 1186 1652 in
1220 1603 1444 1670 pueritia
1472 1603 1660 1653 nobilis
1688 1604 1826 1654 inter

143 1684 388 1752 aequales
450 1684 720 1736 ferebatur
777 1684 1070 1752 clariusque
1130 1684 1605 1751 exsplendescebat,
1667 1703 1824 1752 quam

141 1767 382 1836 generosi
410 1766 752 1835 condiscipuli
779 1767 954 1818 animo
981 1785 1149 1834 aequo
1177 1767 1311 1818 ferre
1339 1775 1564 1835 possent.
1638 1767 1825 1834 Itaque

141 1852 398 1903 incitabat
442 1869 622 1904 omnes
669 1852 846 1903 studio
892 1871 999 1903 suo.
1087 1852 1202 1916 Quo
1247 1854 1300 1903 in
1346 1871 1563 1904 numero
1609 1852 1825 1903 fuerunt

142 1935 200 1986 L.
243 1934 561 2002 Torquatus,
608 1933 663 1986 C.
711 1934 912 1985 Marius
957 1935 1107 1997 filius,
1160 1935 1230 1986 M.
1277 1935 1458 1987 Cicero
1471 1955 1483 1998 ,·
1535 1953 1665 2002 quos
1711 1954 1825 1986 con-

140 2016 424 2068 suetudine
458 2033 552 2067 sua
585 2017 657 2068 sic
683 2016 939 2080 devinxit,
971 2029 1031 2068 ut
1071 2035 1224 2068 nemo
1259 2017 1338 2068 his
1378 2026 1633 2085 perpetuo
1665 2017 1825 2068 fuerit

141 2099 320 2150 carior.

213 2180 260 2233 2.
305 2180 465 2232 Pater
503 2190 708 2234 mature
744 2182 980 2234 decessit.
1062 2183 1178 2250 Ipse
1213 2183 1636 2234 adulescentulus
1676 2201 1824 2252 prop·

141 2271 225 2314 ter
261 2263 572 2314 affinitatem
612 2264 668 2315 P.
712 2264 944 2333 Sulpicii,
988 2266 1076 2332 qui
1125 2266 1367 2315 tribunus
1407 2266 1472 2333 pl.
1515 2267 1824 2317 interfectus

140 2354 234 2406 est,
283 2363 389 2397 non
434 2363 620 2414 expers
665 2346 769 2398 fuit
819 2347 958 2398 illius
1005 2347 1234 2415 periculi.
1331 2348 1573 2415 Namque
1621 2349 1819 2410 Anieia,

142 2427 418 2495 Pomponii
468 2428 791 2492 consobrina,
843 2439 1093 2497 nupserat
1140 2429 1335 2490 ServiO,
1387 2430 1536 2480 fratri
1589 2430 1819 2498 Sulpicii.

142 2508 329 2577 Itaque
381 2509 661 2562 interfecto
715 2510 947 2578 Sulpicio
999 2520 1338 2578 posteaquam
1391 2511 1526 2562 vidit
1584 2511 1824 2563 Cinnano

141 2594 378 2646 tumultu
430 2596 700 2647 civitatem
753 2614 862 2647 esse
922 2596 1283 2663 perturbatam
1343 2614 1511 2664 neque
1562 2598 1657 2648 sibi
1710 2597 1822 2647 dari

141 2675 448 2728 facultatem
476 2695 571 2745 pro
592 2677 854 2746 dignitate
876 2677 1102 2738 vivendi,
1129 2679 1255 2744 quin
1282 2679 1591 2730 alterutram
1619 2690 1823 2747 partem

141 2758 444 2821 offenderet,
482 2759 775 2811 dissociatis
815 2760 1002 2810 animis
1045 2761 1252 2822 civium,
1289 2779 1406 2811 cum
1447 2761 1534 2811 alii
1578 2761 1819 2824 SullaniS,

140 2839 230 2892 alii
269 2839 522 2893 Cinnanis
563 2841 804 2893 faverent
844 2842 1095 2909 partibuS,
1139 2842 1385 2894 idoneum
1431 2852 1638 2911 tempus
1678 2853 1822 2894 ratus

142 2921 332 2974 studiis
369 2922 693 2991 obsequendi
729 2923 837 2974 suis
864 2923 1103 2974 Athenas
1139 2942 1193 2975 se
1229 2924 1465 2975 contulit.
1544 2925 1730 2991 Neque
1762 2942 1823 2976 eo
