1971 3101
252 73 309 113 46
827 80 1098 111 conxssLms
1130 77 1295 111 napos.

254 201 455 249 nomine
499 199 799 248 servitutem
844 198 1090 248 concilias.
1167 198 1302 247 Nam
1346 197 1545 264 paritur
1586 214 1688 264 pax
1728 197 1875 248 bello.

258 279 436 343 Itaque
475 279 562 344 qui
602 295 659 327 ea
696 278 895 327 diutina
933 278 1115 327 volunt
1153 277 1267 338 frui,
1304 276 1437 326 bello
1474 276 1739 326 exercitati
1773 294 1879 327 esse

254 358 454 407 debent.
535 358 700 419 Quare
733 358 774 406 si
807 358 1057 423 principes
1092 357 1331 406 Graeciae
1364 355 1522 405 vultis
1554 372 1674 416 esse,
1704 357 1880 405 castris

254 448 331 487 est
374 437 518 486 vobis
557 436 820 495 utendum,
869 454 967 485 non
1013 435 1309 502 palaestra.’'
1396 435 1539 484 Idem
1582 434 1666 484 ille
1711 434 1881 485 Mene-

255 517 409 566 clides
437 534 550 565 cum
577 517 693 565 huic
720 517 954 576 obiceret,
979 514 1116 580 quod
1142 515 1326 564 liberos
1352 531 1454 564 non
1481 514 1691 563 haberet
1717 531 1881 579 neque

253 614 465 646 uxorem
492 595 734 654 duxisset,
758 595 1079 659 maximeque
1105 593 1442 654 insolentiam,
1465 592 1603 658 quod
1629 593 1725 642 sibi
1750 594 1882 659 Aga-

253 677 536 725 memnonis
568 675 687 725 belli
719 675 934 740 gloriam
968 674 1230 723 videretur
1262 680 1574 734 consecutus,
1608 673 1727 722 “At
1745 672 1768 692 ”
1797 673 1881 723 ille

259 755 476 804 “desine
495 754 518 773 '⁷
545 755 712 819 inquit
744 760 770 780 ‘⁶
791 752 1087 812 Meneclida,
1116 752 1179 802 de
1204 769 1364 802 uxore
1396 752 1522 801 mihi
1552 752 1880 818 exprobrare:

255 852 372 884 nam
411 834 600 883 nullius
639 835 689 882 in
729 834 825 882 ista
863 849 915 882 re
954 833 1123 881 minus
1160 832 1237 881 uti
1272 831 1480 881 consilio
1512 831 1628 881 volo
1646 831 1680 881 '’.
1760 831 1882 895 (Ha-

254 915 407 964 bebat
446 915 579 963 enim
623 912 929 962 Meneclides
967 912 1303 977 suspicionem
1338 910 1599 976 adulteri.)
1690 910 1880 973 “Quod

252 1005 424 1043 autem
450 1010 528 1042 me
551 994 987 1059 Agamemnonem
1008 990 1251 1040 aemulari
1277 998 1442 1056 putas,
1466 989 1668 1040 falleris.
1730 989 1883 1039 Nam·

254 1091 352 1138 que
394 1073 477 1122 ille
521 1090 635 1121 cum
676 1073 912 1121 universa
952 1070 1163 1120 Graecia
1203 1071 1291 1119 vix
1330 1070 1504 1120 decem
1543 1071 1689 1119 annis
1728 1087 1883 1119 unam

253 1154 387 1218 cepit
420 1153 597 1202 urbem
615 1173 625 1213 3
665 1169 758 1218 ego
791 1160 965 1201 contra
999 1168 1056 1200 ea
1088 1168 1190 1199 una
1223 1150 1347 1200 urbe
1373 1158 1548 1200 nostra
1571 1149 1755 1216 dieque
1780 1167 1884 1201 uno

256 1244 418 1282 totam
447 1233 710 1282 Graeciam
738 1231 1148 1280 Lacedaemoniis
1176 1230 1366 1297 fugatis
1392 1228 1650 1280 liberavi.''

324 1311 367 1362 6.
413 1312 554 1361 Idem
581 1329 694 1360 cum
723 1312 773 1360 in
800 1319 1108 1360 conventum
1137 1311 1360 1360 venisset
1386 1309 1659 1370 Arcadum,
1689 1318 1880 1376 petens,

253 1403 309 1441 ut
347 1392 639 1441 societatem
675 1409 788 1440 cum
815 1391 1069 1439 Thebanis
1105 1399 1157 1439 et
1183 1389 1389 1456 Argivis
1423 1389 1661 1450 facerent,
1691 1397 1885 1439 contra-

254 1489 352 1537 que
399 1471 735 1531 Callistratus,
774 1470 1168 1520 Atheniensium
1214 1469 1426 1536 legatus,
1467 1469 1554 1534 qui
1594 1468 1885 1534 eloquentia

255 1569 429 1601 omnes
464 1569 522 1600 eo
549 1551 840 1616 praestabat
871 1559 1113 1616 tempore,
1149 1549 1445 1615 postularet,
1479 1558 1538 1598 ut
1570 1549 1742 1615 potius
1766 1549 1886 1598 ami-

253 1632 423 1681 citiam
462 1639 797 1696 sequerentur
831 1630 1137 1690 Atticorum,
1168 1637 1219 1679 et
1252 1629 1304 1678 in
1339 1629 1567 1678 oratione
1599 1645 1691 1678 sua
1722 1628 1886 1678 multa

254 1712 484 1760 invectus
512 1720 642 1761 esset
664 1712 713 1759 in
736 1710 1003 1759 Thebanos
1031 1719 1083 1759 et
1109 1708 1330 1776 Argivos
1357 1709 1408 1758 in
1436 1709 1608 1774 eisque
1627 1708 1721 1759 hoc
1742 1726 1886 1775 posu-

254 1792 388 1851 isset,
419 1792 644 1840 animum
683 1790 949 1839 advertere
987 1790 1172 1839 debere
1199 1788 1439 1850 Arcadas,
1468 1788 1633 1854 qualis
1668 1796 1885 1854 utraque

253 1872 432 1920 civitas
477 1871 598 1919 civis
643 1878 966 1936 procreasset,
1015 1887 1078 1918 ex
1116 1869 1302 1934 quibus
1343 1868 1408 1918 de
1456 1868 1636 1918 ceteris
1680 1879 1886 1934 possent

255 1951 501 2000 iudicare:
543 1951 762 2015 Argivos
801 1950 934 1998 enim
976 1949 1130 1998 fuisse
1170 1948 1402 1999 Orestem
1440 1957 1492 1998 et
1526 1948 1884 1998 Alcmaeonem

254 2029 572 2090 matricidas3
620 2030 806 2079 Thebis
857 2029 1111 2094 Oedipum
1157 2038 1348 2089 natum,
1393 2029 1480 2094 qui
1524 2045 1638 2078 cum
1687 2034 1884 2094 patrem

255 2127 402 2159 suum
442 2109 792 2169 interfecisset,
823 2127 885 2158 ex
921 2117 1083 2157 matre
1119 2107 1302 2157 liberos
1339 2124 1647 2173 procreasse:
1686 2105 1802 2155 huic
1833 2106 1884 2155 in

257 2189 610 2255 respondendo
655 2188 1045 2254 Epaminondas,
1095 2205 1210 2237 cum
1255 2186 1318 2237 de
1362 2186 1542 2236 ceteris
1585 2193 1882 2252 perorasset,

258 2280 525 2335 postquam
571 2268 634 2317 ad
682 2268 766 2317 illa
809 2267 912 2317 duo
956 2268 1229 2334 opprobria
1269 2266 1514 2332 pervenit,
1550 2265 1789 2315 admirari
1834 2282 1885 2315 se

256 2348 390 2398 dixit
429 2348 701 2397 stultitiam
740 2348 956 2398 rhetoris
993 2348 1168 2408 Attici,
1209 2347 1296 2412 qui
1332 2363 1432 2395 non
1466 2344 1888 2394 animadverterit
1962 2395 1971 2403 ,

258 2429 551 2478 innocentes
583 2428 694 2476 illos
732 2436 876 2476 natos
908 2427 1060 2487 domi,
1095 2426 1280 2476 scelere
1310 2425 1543 2485 admisso,
1577 2440 1690 2473 cum
1721 2424 1887 2490 patria
1958 2437 1971 2453 ¹

258 2517 425 2558 essent
476 2507 687 2573 expulsi,
737 2517 963 2573 receptos
1014 2525 1120 2556 esse
1169 2506 1233 2555 ab
1279 2504 1692 2555 Atheniensibus.
1785 2503 1886 2554 Sed

259 2587 478 2636 maxime
513 2587 620 2636 cius
659 2586 949 2652 eloquentia
982 2586 1145 2635 eluxit
1178 2586 1405 2652 Spartae,
1436 2584 1590 2652 legati
1620 2591 1739 2634 ante
1765 2599 1887 2651 pug-

261 2685 375 2715 nam
413 2667 740 2716 Leuctricam.
816 2667 928 2727 Quo
961 2683 1074 2714 cum
1101 2666 1328 2715 omnium
1355 2665 1605 2715 sociorum
1632 2663 1887 2714 convenis·
1961 2718 1966 2722 ,

261 2756 374 2796 sent
414 2747 582 2811 legati,
625 2763 790 2795 coram
831 2745 1243 2810 frequentissimo
1280 2744 1592 2811 legationum
1632 2750 1888 2795 conventu

262 2827 329 2875 sic
361 2825 871 2876 Lacedaemoniorum
900 2825 1225 2890 tyrannidem
1252 2824 1495 2892 coarguit,
1518 2832 1579 2874 ut
1598 2841 1699 2875 non
1719 2823 1888 2874 minus

1935 2820 1971 3101 -tfl-aeho-:oum
