2004 3165
840 129 1062 161 A‘r‘rlcts
1727 123 1781 166 sl

113 257 208 300 aut
244 249 599 302 incommodis,
686 249 838 315 Quod
875 250 1089 318 quidem
1127 251 1224 302 sub
1262 253 1373 320 ipsa
1411 254 1788 322 proscriptione

115 330 413 399 perillustre
441 331 556 383 fuit.

185 412 323 464 Nam
369 431 486 464 cum
533 413 588 465 L.
634 413 845 476 Saufeii,
895 416 1088 483 equitis
1133 416 1370 479 Romani,
1415 417 1646 484 aequalis
1691 419 1785 480 sui,

112 495 203 562 qui
230 495 523 563 complures
539 513 703 547 annos
724 497 900 548 studio
921 496 1112 548 ductus
1133 498 1492 566 philosophiae
1515 499 1788 550 habitabat

114 576 340 628 Athenis
359 577 689 645 habebatque
707 578 759 628 in
781 578 932 629 Italia
951 580 1203 647 pretiosas
1222 581 1586 648 possessiones,
1608 582 1789 631 trium-

112 659 211 709 viri
256 659 393 711 bona
439 659 799 710 vendidissent
843 661 1220 712 consuetudine
1272 680 1344 724 ea,
1393 681 1497 730 qua
1547 672 1662 713 tum
1708 682 1790 714 res

109 741 444 810 gerebantur,
475 742 642 793 Attici
678 742 852 794 labore
887 752 1046 811 atque
1081 744 1340 795 industria
1372 745 1570 795 factum
1604 755 1696 808 est,
1728 757 1788 796 ut

111 822 292 874 eodem
347 824 535 874 nuntio
587 824 827 876 Saufeius
874 826 1021 877 fieret
1072 827 1263 878 certior
1312 845 1364 878 se
1411 828 1787 894 patrimonium

109 904 344 956 amisisse
371 915 425 957 et
450 924 792 974 recuperasse.
862 907 1008 958 Idem
1037 908 1092 959 L.
1120 909 1315 959 Iulium
1343 908 1600 971 Calidum,
1631 927 1787 976 quem

110 995 230 1054 post
268 986 499 1039 Lucretii
540 988 840 1056 Catullique
879 999 1101 1041 mortem
1137 991 1307 1042 multo
1339 991 1786 1060 elegantissimum

110 1074 319 1136 poetam
351 1079 584 1120 nostram
620 1071 800 1122 tulisse
839 1082 1066 1123 aetatem
1108 1091 1227 1124 vere
1267 1073 1449 1124 videor
1486 1092 1636 1141 posse
1673 1092 1786 1124 con-

110 1150 339 1213 tendere,
377 1169 544 1219 neque
584 1154 756 1203 minus
785 1154 954 1204 virum
995 1155 1189 1204 bonum
1229 1155 1547 1222 optimisque
1583 1156 1787 1206 artibus

110 1233 390 1296 eruditum,
428 1233 629 1305 [quem]
668 1245 786 1303 post
826 1237 1256 1304 proscriptionem
1296 1238 1534 1304 equitum
1571 1246 1788 1306 propter

110 1333 326 1384 magnas
376 1317 487 1367 eius
539 1317 813 1368 Africanas
865 1319 1213 1385 possessiones
1270 1319 1323 1369 in
1375 1320 1786 1387 proscriptorum

110 1415 386 1449 numerum
436 1418 467 1449 a
519 1399 575 1450 P.
624 1399 921 1462 Volumnio,
971 1401 1235 1468 praefecto
1286 1400 1493 1451 fabrum
1545 1401 1782 1463 Antonii,

107 1479 378 1531 absentem
413 1481 635 1532 relatum
672 1481 955 1550 expedivit.
1036 1482 1187 1546 Quod
1220 1483 1273 1533 in
1307 1484 1568 1550 praesenti
1604 1493 1784 1534 utrum

108 1562 153 1613 ei
194 1561 500 1613 laboriosius
537 1581 604 1613 an
640 1563 918 1632 gloriosius
958 1564 1132 1626 fuerit,
1173 1564 1379 1616 difficile
1420 1574 1499 1616 est
1537 1566 1780 1627 iudicare,

106 1643 249 1712 quod
282 1644 337 1695 in
370 1662 550 1696 eorum
585 1646 828 1713 periculis
865 1665 968 1697 non
1003 1665 1148 1698 secus
1181 1647 1423 1698 absentes
1457 1665 1616 1715 quam
1643 1666 1784 1716 prae-

105 1734 278 1777 sentes
304 1727 499 1778 amicos
526 1728 710 1778 Attico
737 1746 846 1779 esse
877 1747 1031 1779 curae
1059 1729 1327 1797 cognitum
1356 1739 1448 1780 cst.

180 1807 261 1860 13.
305 1807 493 1875 Neque
545 1827 667 1860 vero
717 1810 803 1861 ille
855 1811 935 1860 vir
979 1811 1151 1861 minus
1197 1811 1363 1862 bonus
1409 1811 1785 1879 paterfamilias

105 1887 318 1940 habitus
364 1898 444 1941 est
488 1908 646 1957 quam
691 1892 830 1942 civis
928 1892 1066 1943 Nam
1113 1911 1228 1943 cum
1275 1902 1410 1944 esset
1455 1894 1779 1962 pecuniosus,

106 1988 260 2022 nemo
298 1971 388 2023 illo
426 1972 599 2023 minus
639 1973 741 2023 fuit
780 1992 946 2036 emax,
989 1975 1161 2025 minus
1199 1975 1512 2026 aedificator.
1598 1975 1784 2042 Neque

105 2059 283 2104 tamen
311 2071 415 2105 non
451 2054 504 2104 in
532 2055 713 2122 primis
740 2055 870 2107 bene
907 2057 1166 2107 habitavit
1194 2057 1539 2124 omnibusque
1571 2057 1783 2125 optimis

105 2133 259 2185 rebus
292 2152 417 2186 usus
452 2144 546 2188 est.
630 2136 768 2188 Nam
802 2137 1016 2188 domum
1053 2139 1235 2189 habuit
1275 2139 1327 2188 in
1363 2139 1491 2190 colle
1526 2139 1782 2203 Quirinali

104 2214 525 2284 Tamphilianam
570 2218 637 2270 ab
681 2219 941 2270 avunculo
988 2219 1282 2270 hereditate
1330 2220 1591 2283 relictam3
1635 2221 1783 2272 cuius

102 2299 393 2350 amoenitas
415 2317 517 2350 non
539 2300 787 2363 aedificio,
813 2301 900 2352 sed
925 2301 1054 2351 silva
1076 2302 1361 2352 constabat.
1442 2302 1621 2370 Ipsum
1643 2303 1781 2353 enim

104 2387 305 2432 tectum
337 2381 633 2449 antiquitus
659 2384 1007 2434 constitutum
1043 2383 1158 2451 plus
1193 2384 1313 2434 salis
1347 2402 1504 2451 quam
1539 2394 1781 2452 sumptus

104 2459 356 2526 habebat3
394 2463 448 2514 in
475 2481 580 2531 quo
607 2463 736 2515 nihil
770 2466 1127 2527 commutavit,
1160 2466 1256 2515 nisi
1291 2466 1331 2516 si
1360 2466 1487 2533 quid
1515 2475 1780 2518 vetustate

103 2551 312 2596 coactus
349 2553 443 2596 est.
532 2545 674 2597 Usus
713 2555 792 2597 est
830 2546 1039 2607 familia,
1083 2547 1123 2597 si
1163 2547 1396 2598 utilitate
1441 2548 1780 2600 iudicandum

104 2632 197 2686 est,
227 2626 427 2693 optima
441 2647 454 2690 3
490 2628 533 2678 si
554 2627 735 2690 forma,
760 2628 850 2679 vix
872 2627 1134 2679 mediocri.
1213 2628 1454 2697 Namque
1475 2630 1529 2680 in
1551 2648 1609 2681 ea
1632 2638 1780 2680 erant

103 2707 252 2774 pueri
279 2707 664 2771 litteratissimi,
694 2720 1013 2779 anagnostae
1035 2711 1219 2778 optimi
1249 2721 1302 2762 et
1322 2711 1534 2779 plurimi
1564 2711 1774 2774 librarii,

102 2794 166 2838 ut
214 2805 279 2839 ne
328 2789 670 2858 pedissequus
726 2791 939 2859 quidem
991 2792 1267 2859 quisquam
1319 2802 1466 2855 esset,
1521 2794 1612 2862 qui
1675 2811 1778 2845 non

28 2922 34 2927 ,
102 2874 387 2938 utrumque
413 2870 600 2923 horum
627 2872 804 2940 pulcre
827 2873 996 2924 facere
1026 2884 1212 2941 posset,
1238 2875 1350 2943 pari
1378 2875 1534 2927 modo
1553 2876 1778 2927 artifices

102 2951 275 3014 ceteri,
304 2969 436 3019 quos
460 2952 634 3006 cultus
658 2953 978 3006 domesticus
1004 2954 1286 3019 desiderat,
1314 2958 1549 3026 apprime
1577 2958 1711 3010 boni.

276 3032 338 3074 (x
353 3032 446 3076 ³27)
1573 3039 1601 3073 r
