1971 3101
225 146 301 188 ’66
825 153 1094 185 coam-:mus
1125 153 1289 184 NEPOS.

242 275 295 322 in
324 292 379 323 ea
412 274 647 339 repperit,
678 273 771 322 nisi
800 290 927 338 quae
953 271 1018 321 acl
1044 270 1359 321 irridendum
1390 287 1506 320 eum
1538 271 1866 336 pertinerent.

240 353 402 403 Cuius
443 354 536 402 etsi
582 370 781 402 causam
827 352 1107 400 mirabatur
1150 368 1313 415 neque
1356 349 1654 416 reperiebat,
1698 357 1870 399 tamen

243 432 493 498 proelium
520 432 694 481 statim
721 432 1037 481 committere
1064 447 1165 479 non
1191 429 1464 479 dubitavit.

315 512 512 560 Horum
539 513 590 560 in
618 527 863 560 concursu
887 509 1119 574 Bithynii
1141 508 1444 557 Hannibalis
1469 514 1739 574 praecepto
1764 508 1872 556 uni-

242 592 375 639 versi
404 608 584 640 navem
611 590 850 639 Eumenis
876 589 1193 638 adoriuntur.
1259 588 1487 649 Quorum
1508 588 1612 636 vim
1638 603 1730 637 rex
1757 604 1872 636 cum

242 671 493 719 sustinere
521 688 619 719 non
640 677 820 735 posset,
843 669 962 734 fuga
983 668 1199 716 salutem
1217 668 1349 733 petit
1361 687 1373 728 3
1398 684 1551 732 quam
1571 674 1873 716 consecutus

243 767 344 797 non
384 758 528 808 essct,
560 750 651 797 nisi
688 750 821 797 intra
854 765 943 797 sua
978 746 1229 812 praesidia
1262 764 1314 795 se
1347 747 1629 812 recepisset,
1659 763 1790 812 quae
1820 746 1873 794 in

241 829 476 894 proximo
521 828 667 877 litorc
712 836 857 877 crant
897 827 1152 876 collocata.
1247 825 1493 890 Reliquae
1530 826 1873 893 Pergamenae

243 925 397 956 navcs
430 925 541 956 cum
573 907 886 956 adversarios
925 914 1214 972 premerent
1249 905 1428 965 acrius,
1458 914 1667 970 repente
1699 905 1752 954 in
1790 922 1873 954 eas

242 1005 363 1035 vasa
398 987 583 1046 fictilia,
615 987 676 1035 dc
713 986 897 1051 quibus
932 1003 1083 1051 supra
1117 985 1428 1034 mentionem
1460 984 1684 1045 fecimus,
1714 985 1873 1034 conici

240 1079 420 1133 coc-pta
448 1077 578 1116 sunt.
656 1067 794 1128 Quae
822 1067 952 1116 iacta
978 1066 1124 1114 initio
1151 1065 1308 1113 risum
1340 1064 1688 1130 pugnantibus
1715 1064 1873 1114 conci-

242 1155 433 1206 tarunt,
459 1164 634 1211 neque,
656 1163 810 1211 quare
831 1145 882 1193 id
905 1146 1059 1204 fieret,
1083 1151 1286 1210 poterat
1306 1143 1547 1210 intellegi.
1595 1143 1873 1208 Postquam

241 1236 414 1274 autern
438 1244 589 1275 naves
611 1243 724 1274 suas
745 1225 974 1290 oppletas
995 1229 1370 1289 conspexerunt
1389 1222 1723 1288 serpentibus,
1744 1239 1875 1271 nova

244 1323 296 1353 rc
319 1307 588 1370 perterriti,
611 1323 737 1364 cum,
763 1304 884 1370 quid
906 1305 1225 1370 potissimum
1244 1303 1482 1362 vitarent,
1503 1319 1605 1351 non
1625 1301 1871 1362 viderent,

244 1403 437 1450 puppes
465 1393 730 1434 vcrtcrunt
757 1401 908 1448 scquc
934 1383 997 1431 ad
1019 1401 1109 1432 sua
1129 1391 1292 1431 castra
1318 1382 1522 1432 nautica
1547 1381 1872 1431 rettulerunt.

244 1464 326 1513 Sic
380 1464 633 1513 Hannibal
684 1463 892 1512 consilio
944 1480 1084 1511 arma
1136 1462 1566 1528 Pergamenorum
1616 1461 1878 1527 superavit

245 1562 408 1608 ncquc
442 1554 548 1592 tum
578 1543 753 1603 solum,
785 1542 870 1591 scd
903 1560 1050 1608 saepe
1080 1541 1203 1590 alias
1235 1541 1554 1607 pedestribus
1586 1541 1741 1606 copiis
1769 1540 1875 1606 pari

246 1623 517 1688 pruclcntia
544 1622 739 1687 pepulit
765 1621 1091 1670 adversarios

318 1703 393 1752 12.
438 1702 575 1764 Quae
603 1701 724 1750 dum
753 1702 802 1749 in
833 1702 952 1749 Asia
979 1709 1242 1767 geruntur,
1272 1700 1457 1750 accidit
1482 1717 1613 1761 casu,
1638 1707 1697 1748 ut
1722 1699 1877 1765 legati

247 1782 454 1830 l'rusiac
492 1782 682 1830 Romae
717 1779 852 1846 apud
888 1779 942 1828 T.
975 1780 1241 1841 Quintium
1276 1778 1620 1827 Flamininum
1655 1777 1879 1827 consula-

248 1879 350 1909 1·‹·1n
387 1871 625 1910 ccnarcnt
657 1872 810 1925 atque
842 1860 910 1908 ibi
949 1859 1012 1908 (lc
1048 1858 1334 1908 Hannibale
1364 1858 1623 1908 mentione
1655 1858 1790 1907 facta
1814 1874 1877 1908 ex

244 1940 324 1988 his
356 1958 485 1989 unus
512 1941 702 1989 ‹liccrct
734 1958 849 1989 cum
882 1940 931 1989 in
966 1939 1173 1988 Prusiae
1206 1956 1361 2005 regno
1387 1955 1507 1988 esse.
1585 1937 1644 1987 Id
1676 1944 1879 2004 postero

241 2020 327 2069 ‹lic
367 2020 682 2068 Flamininus
723 2020 921 2068 senatui
966 2019 1166 2068 detulit.
1244 2018 1422 2067 Patres
1466 2017 1751 2083 conscripti,
1791 2017 1877 2082 qui

249 2100 535 2148 Hannibale
573 2101 690 2147 vivo
722 2116 997 2164 numquam
1032 2117 1082 2147 sc
1118 2100 1225 2147 sinc
1257 2097 1454 2147 insidiis
1484 2097 1684 2146 futuros
1710 2096 1879 2146 existi·

245 2189 458 2238 marcnt,
496 2178 688 2241 legatos
726 2179 775 2226 in
816 2178 1109 2243 Bithyniam
1150 2178 1411 2237 miserunt,
1449 2177 1498 2225 in
1534 2175 1611 2225 his
1645 2174 1879 2224 Flamini-

243 2276 382 2317 num,
414 2258 498 2323 qui
527 2258 590 2305 ab
618 2275 733 2323 rege
761 2266 1006 2323 pctcrcnt,
1034 2275 1093 2305 nc
1116 2256 1518 2305 inimicissimum
1540 2271 1686 2303 suum
1708 2271 1877 2304 secum

245 2338 457 2385 habcrct
491 2338 686 2402 sibique
720 2336 942 2385 (lederet.
1023 2336 1115 2386 llis
1155 2336 1333 2385 Prusia
1371 2351 1553 2400 negare
1589 2349 1743 2382 ausus
1777 2351 1877 2383 non

243 2427 348 2476 esu
394 2416 517 2465 illud
565 2416 829 2475 rccusavit,
873 2433 933 2464 nc
973 2415 1022 2464 id
1062 2434 1091 2463 a
1129 2433 1179 2464 sc
1218 2414 1324 2464 fleri
1369 2411 1699 2479 postularent,
1741 2410 1877 2477 quod

242 2496 490 2544 advorsus
525 2495 601 2544 ius
636 2495 840 2560 hospitii
877 2504 1031 2544 essct:
1071 2495 1179 2561 ipsi,
1217 2494 1257 2543 si
1296 2499 1515 2560 possent,
1556 2490 1878 2557 comprehen-

244 2575 453 2634 ‹lcrcnt;
506 2573 683 2633 locum,
724 2575 809 2623 ubi
861 2582 1006 2634 essct,
1049 2574 1193 2623 facile
1231 2574 1542 2622 inventuros.
1621 2569 1876 2620 Hannibal

244 2654 381 2703 enim
427 2671 530 2703 uno
574 2653 681 2702 loco
725 2671 776 2702 sc
822 2654 1042 2712 tenebat,
1086 2654 1134 2701 in
1174 2651 1394 2713 castello,
1435 2650 1572 2717 quod
1611 2650 1654 2700 ei
1693 2668 1723 2699 a
1759 2665 1876 2717 rege

242 2732 425 2781 datum
461 2741 569 2782 crat
601 2733 812 2791 muncri,
844 2732 996 2797 idque
1031 2732 1099 2781 sic
1132 2730 1437 2791 aedificarat,
1467 2738 1527 2780 ut
1563 2730 1615 2779 in
1642 2728 1876 2780 omnibus

246 2811 479 2877 partibus
515 2810 728 2860 aedificii
764 2811 933 2860 exitus
969 2811 1190 2870 haberet,
1225 2809 1416 2861 scilicet
1449 2826 1641 2870 verene,
1681 2825 1744 2859 ne
1779 2823 1876 2857 usu

245 2890 460 2950 veniret,
513 2889 648 2955 quod
699 2888 895 2939 accidit.
997 2888 1111 2938 Huc
1160 2905 1274 2938 cum
1324 2887 1478 2956 legati
1529 2888 1875 2938 Romanorum
