1971 3101
178 102 236 146 74
764 103 1036 137 CORNELIUS
1070 102 1232 134 maros.

178 234 336 282 setius
386 229 766 279 adulescentem
818 224 1043 275 Marium
1092 222 1295 272 hostem
1343 219 1628 270 iudicatum
1683 217 1818 267 iuvit

180 313 359 378 opibus
404 310 520 370 suis,
571 308 714 357 cuius
757 306 935 371 fugam
978 303 1194 368 pecunia
1237 299 1540 350 sublevavit.
1634 296 1711 346 Ac
1754 313 1818 346 ne

179 392 264 441 illa
314 388 659 456 peregrinatio
702 385 1075 435 detrimentum
1118 380 1328 446 aliquod
1375 380 1581 428 afferret
1628 377 1702 427 rei
1751 376 1821 425 fa-

179 471 379 530 miliari,
441 468 619 518 eodem
674 482 915 532 magnam
974 469 1175 529 partem
1236 460 1562 509 fortunarum
1618 456 1822 506 traiecit

181 568 400 602 suarum.

252 633 349 681 Hic
385 631 457 679 ita
483 628 629 689 vixit,
660 634 719 676 ut
751 623 1004 675 universis
1031 620 1437 671 Atheniensibus
1471 619 1657 668 merito
1690 624 1823 667 esset

183 713 481 763 carissimus.
560 708 695 758 Nam
735 713 939 772 praeter
978 703 1212 770 gratiam,
1255 717 1385 766 quae
1425 700 1527 749 iam
1563 699 1617 748 in
1654 697 1825 747 adule-

183 792 414 843 scentulo
452 806 639 856 magna
678 795 800 846 erat,
837 801 985 850 saepe
1024 783 1129 832 suis
1167 781 1349 847 opibus
1387 780 1614 846 inopiam
1648 795 1826 828 eorum

185 873 443 940 publicam
483 869 688 919 levavit.
765 866 898 917 Cum
937 864 1073 914 enim
1110 879 1375 912 versuram
1419 860 1585 910 facere
1624 858 1827 925 publice

188 970 389 1002 necesse
423 959 555 1000 esset
588 964 754 1013 neque
788 946 896 996 eius
931 943 1282 994 condicionem
1314 958 1531 1006 aequam
1562 940 1825 999 haberent,

187 1050 386 1099 semper
407 1049 458 1081 se
479 1028 789 1095 interposuit
809 1033 965 1091 atque
986 1025 1072 1084 ita,
1092 1030 1153 1072 ut
1179 1039 1345 1087 neque
1364 1038 1575 1070 usuram
1599 1020 1831 1085 iniquam

186 1115 249 1163 ab
276 1114 336 1162 iis
363 1111 615 1177 acceperit
641 1125 806 1174 neque
832 1106 1049 1172 longius,
1074 1121 1230 1170 quam
1256 1102 1455 1152 dictum
1475 1109 1622 1162 esset,
1645 1100 1831 1150 debere

187 1211 365 1261 passus
387 1193 467 1243 sit.
526 1189 674 1253 Quod
695 1196 974 1252 utrumque
996 1191 1106 1235 erat
1132 1184 1194 1233 iis
1215 1182 1451 1232 salutare.
1510 1181 1647 1231 Nam
1667 1196 1833 1245 neque

188 1272 506 1341 indulgendo
540 1272 910 1320 inveterascere
946 1283 1122 1316 eorum
1160 1281 1245 1314 aes
1279 1263 1506 1312 alienum
1539 1261 1835 1328 patiebatur

190 1372 355 1419 neque
376 1348 779 1417 multiplicandis
800 1347 968 1396 usuris
997 1361 1233 1395 crescere.
1299 1342 1468 1392 Auxit
1493 1341 1588 1391 hoc
1615 1340 1836 1391 officium

190 1435 288 1485 alia
315 1450 518 1499 quoque
545 1429 866 1480 liberalitate.
938 1426 1075 1476 Nam
1099 1425 1368 1474 universos
1395 1422 1659 1472 frumento
1684 1421 1837 1471 dona·

192 1516 281 1575 vit,
312 1515 384 1563 ita
410 1523 470 1562 ut
497 1510 710 1578 singulis
741 1527 831 1559 sex
856 1506 1017 1557 modii
1042 1506 1204 1556 tritici
1230 1505 1505 1566 darentur,
1539 1503 1628 1568 qui
1654 1501 1838 1552 modus

192 1611 460 1647 mensurae
487 1592 776 1642 medimnus
802 1588 1025 1638 Athenis
1051 1585 1356 1653 appellatur.

263 1677 307 1728 3.
351 1675 450 1725 Hic
476 1682 651 1723 autem
683 1672 752 1721 sic
779 1687 830 1720 se
857 1668 1084 1738 gerebat,
1113 1675 1174 1716 ut
1200 1665 1484 1716 communis
1517 1663 1719 1724 infimis,
1749 1680 1842 1729 par

194 1755 510 1824 principibus
542 1752 819 1803 videretur.
897 1750 1011 1812 Quo
1052 1748 1247 1798 factum
1288 1753 1378 1807 est,
1407 1752 1469 1795 ut
1507 1744 1626 1794 huic
1666 1760 1842 1793 omnes

195 1838 427 1897 honores,
458 1852 586 1901 quos
617 1839 839 1900 possent,
869 1830 1073 1897 publice
1104 1828 1355 1878 haberent
1381 1826 1647 1890 civemque
1678 1823 1843 1873 facere

197 1917 467 1968 studerent
480 1935 491 1977 3
529 1932 631 1980 quo
668 1912 915 1963 beneficio
953 1910 1039 1961 ille
1077 1909 1157 1959 uti
1194 1908 1374 1968 noluit,
1411 1905 1571 1974 [quod
1609 1902 1845 1954 nonnulli

198 1999 270 2048 ita
291 1999 714 2062 interpretantur,
738 1992 910 2042 amitti
932 1991 1196 2040 civitatem
1222 1988 1508 2038 Romanam
1527 1984 1628 2035 alia
1647 1981 1842 2051 ascita].

201 2077 458 2142 Quamdiu
499 2075 660 2136 affuit,
703 2091 767 2123 ne
808 2090 909 2139 qua
951 2072 1047 2122 sibi
1089 2079 1261 2120 statua
1300 2073 1593 2134 poneretur,
1630 2064 1848 2125 restitit3

199 2160 382 2209 absens
431 2156 702 2223 prohibere
748 2171 850 2204 non
900 2152 1086 2220 potuit.
1182 2150 1366 2215 Itaque
1407 2147 1608 2213 aliquot
1655 2145 1752 2212 ipsi
1797 2152 1849 2194 et

202 2239 417 2289 Phidiae
445 2238 566 2288 locis
594 2234 926 2286 sanctissimis
959 2238 1266 2299 posuerunt:
1305 2229 1442 2278 hunc
1469 2228 1605 2278 enim
1630 2227 1683 2276 in
1710 2225 1849 2276 omni

203 2319 563 2387 procuratione
590 2315 899 2383 reipublicae
927 2322 1153 2363 actorem
1180 2318 1543 2374 auctoremque
1574 2307 1846 2357 habebant.

207 2402 375 2467 Igitur
409 2399 633 2465 primum
669 2395 796 2446 illud
835 2411 1023 2444 munus
1060 2393 1312 2452 fortunae,
1344 2388 1482 2456 quod
1521 2389 1574 2438 in
1606 2405 1664 2437 ea
1698 2386 1852 2453 potis-

206 2483 392 2530 simum
424 2479 548 2528 urbe
576 2485 728 2527 natus
756 2483 847 2537 est,
877 2475 931 2524 in
957 2491 1060 2540 qua
1086 2471 1402 2523 domicilium
1429 2469 1565 2519 orbis
1600 2475 1853 2517 terrarum

209 2570 340 2611 esset
378 2559 593 2625 imperii,
624 2566 684 2607 ut
711 2555 926 2606 eandem
953 2563 1005 2604 et
1037 2553 1257 2620 patriam
1295 2551 1508 2600 haberet
1535 2555 1587 2599 et
1617 2547 1856 2608 domum,

209 2641 302 2691 hoc
330 2640 586 2706 specimen
617 2636 936 2704 prudentiae,
968 2633 1120 2700 quod,
1152 2650 1266 2682 cum
1294 2632 1346 2680 in
1374 2648 1485 2680 eam
1513 2646 1565 2680 se
1591 2628 1856 2678 civitatem

211 2720 524 2780 contulisset,
578 2735 708 2784 quae
765 2715 1092 2781 antiquitate,
1147 2711 1469 2761 humanitate
1519 2708 1856 2773 doctrinaque

211 2808 496 2867 praest-aret
523 2816 711 2859 omnes,
744 2814 875 2846 unus
902 2796 946 2845 ei
975 2795 1076 2844 fuit
1102 2792 1404 2842 carissimus.

282 2881 326 2931 4.
371 2881 486 2930 Huc
514 2897 578 2930 ex
603 2879 728 2928 Asia
755 2876 897 2928 Sulla
922 2875 1174 2926 decedens
1200 2889 1316 2922 cum
1339 2870 1578 2931 venisset,
1610 2865 1859 2935 quamdiu
