1971 3101
185 96 242 136 56
774 105 1047 136 CORNELIUS
1081 105 1245 137 NEPOS.

183 224 462 291 patientiae
488 232 644 290 atque
671 224 1037 274 abstinentiae:
1077 224 1147 273 sic
1175 224 1311 274 enim
1338 231 1448 274 erat
1472 224 1738 287 instructa,
1770 233 1828 276 ut

184 305 237 354 in
264 304 405 354 nulla
430 321 483 354 re
510 305 740 354 differret
767 305 988 354 cuiusvis
1015 305 1181 370 inopis
1206 311 1362 369 atque
1388 304 1591 370 privati.

254 385 297 435 8.
341 384 515 450 Atque
542 385 623 434 hic
645 392 821 434 tantus
848 386 927 434 vir
948 392 1006 433 ut
1027 393 1267 434 naturam
1288 384 1558 433 fautricem
1579 384 1855 434 habuerat·

184 466 236 513 in
271 464 558 514 tribuendis
592 465 751 513 animi
786 465 1081 526 virtutibus,
1120 465 1189 514 sic
1223 465 1503 514 maleficam
1537 472 1718 515 nactus
1752 472 1829 514 est

183 546 236 594 in
263 562 471 610 corpore
498 544 751 611 fingendo.
830 544 967 593 Nam
998 552 1049 594 et
1075 552 1275 594 statura
1301 544 1404 594 fuit
1434 545 1616 594 humili
1649 552 1701 594 et
1726 561 1828 594 cor-

183 642 304 692 pore
350 625 537 692 exiguo
582 632 633 674 et
677 624 888 674 claudus
931 625 1093 674 altero
1137 625 1280 691 pede.
1365 625 1505 687 Quae
1549 642 1628 674 res
1673 625 1829 674 etiam

184 706 484 755 nonnullam
518 706 764 755 afferebat
798 705 1196 767 deformitatem,
1235 713 1391 771 atque
1429 705 1607 772 ignoti,
1647 704 1828 754 faciem

184 787 290 835 eius
319 804 433 835 cum
460 787 800 847 intuerentur,
833 786 1230 836 contemnebant
1241 806 1254 848 ,-
1292 787 1381 851 qui
1406 794 1580 836 autem
1609 786 1828 835 virtutes

183 877 446 927 noverant,
498 884 599 916 non
644 874 886 933 poterant
929 866 1171 915 admirari
1217 867 1353 916 satis.
1449 866 1598 929 Quod
1642 867 1687 916 ei
1731 883 1829 915 usu

184 948 339 1007 venit,
372 964 487 996 cum
513 965 767 996 annorum
794 960 952 995 LXXX
984 946 1213 996 subsidio
1240 946 1410 996 Tacho
1440 947 1494 995 in
1526 947 1828 1013 Aegyptum

182 1028 325 1076 iisset
370 1035 421 1076 et-
464 1027 517 1075 in
561 1035 674 1076 acta
718 1045 834 1076 cum
878 1027 982 1076 suis
1026 1027 1347 1076 accubuisset
1390 1027 1498 1076 sine
1542 1027 1648 1076 ullo
1692 1034 1829 1076 tecto

110 1097 112 1099 ⁵
183 1115 505 1172 stratumque
540 1107 754 1157 haberet
787 1108 901 1168 tale,
939 1114 998 1156 ut
1032 1115 1171 1156 terra
1203 1114 1340 1156 tecta
1367 1114 1500 1157 esset
1532 1108 1828 1156 stramentis

183 1205 347 1252 neque
386 1188 484 1237 huc
522 1189 740 1255 amplius
779 1206 934 1254 quam
971 1187 1118 1254 pellis
1147 1195 1279 1237 esset
1316 1187 1514 1248 iniecta,
1546 1187 1828 1253 eodemque

183 1268 392 1317 comites
415 1285 588 1318 omnes
608 1269 965 1318 accubuissent
986 1269 1182 1318 vestitu
1202 1268 1384 1317 humili
1405 1276 1561 1333 atque
1581 1268 1824 1329 obsoleto,

182 1357 241 1396 ut
270 1365 446 1397 eorum
475 1356 684 1399 ornatus
712 1366 813 1398 non
836 1349 988 1399 modo
1016 1349 1069 1398 in
1096 1349 1174 1398 his
1200 1365 1374 1415 regem
1400 1349 1657 1398 neminem
1678 1349 1829 1415 signi-

182 1430 367 1490 ficaret,
416 1429 505 1479 sed
550 1430 781 1479 homines
826 1447 933 1479 esse
978 1447 1079 1479 non
1125 1429 1444 1479 beatissimos
1489 1429 1828 1494 suspicionem

183 1511 463 1576 praeberet.
541 1510 710 1559 Huius
745 1510 808 1559 (le
835 1510 1067 1559 adventu
1101 1510 1237 1559 sama
1263 1527 1378 1559 cum
1404 1508 1469 1558 ad
1502 1510 1668 1575 regios
1696 1517 1829 1559 esset

182 1590 390 1657 perlata,
421 1590 653 1639 celeriter
678 1608 891 1640 munera
919 1608 977 1641 eo
1010 1591 1256 1655 cuiusque
1280 1589 1482 1656 generis
1509 1597 1631 1638 sunt
1656 1589 1824 1639 allata.

183 1671 279 1720 His
301 1671 666 1736 quaerentibus
694 1671 996 1737 Agesilaum
1018 1671 1107 1720 vix
1128 1671 1252 1720 fides
1278 1670 1414 1719 faeta
1435 1676 1512 1719 est
1538 1686 1700 1718 unum
1721 1687 1828 1719 esse

183 1768 246 1800 ex
273 1752 346 1812 iis,
378 1751 466 1816 qui
496 1760 607 1799 tum
634 1751 964 1801 accubabant.
1044 1751 1143 1813 Qui
1177 1768 1292 1800 cum
1317 1751 1451 1817 regis
1478 1750 1661 1812 verbis,
1698 1767 1828 1816 quae

182 1831 479 1892 attulerant,
519 1831 795 1893 dedissent,
832 1831 917 1881 ille
952 1839 1165 1897 praeter
1189 1830 1464 1880 vitulinam
1495 1838 1547 1881 et
1578 1831 1828 1881 eiusmodi

181 1929 369 1978 genera
404 1911 615 1973 obsonii,
652 1930 781 1977 quae
814 1929 1053 1978 praesens
1088 1919 1292 1978 tempus
1327 1911 1664 1973 desiderabat,
1700 1911 1828 1960 nihil

182 1993 376 2058 accepit
388 2011 400 2054 3
440 2000 717 2059 unguenta,
749 2010 959 2043 coronas
994 1992 1374 2058 secundamque
1406 2010 1635 2042 mensam
1669 1993 1828 2042 servis

182 2072 456 2138 dispertiit,
496 2082 664 2122 cetera
694 2073 873 2123 referri
910 2073 1072 2122 iussit.
1158 2072 1271 2135 Quo
1305 2072 1442 2122 facto
1473 2089 1589 2122 eum
1625 2073 1827 2123 barbari

183 2154 343 2219 magis
379 2154 534 2202 etiam
562 2162 994 2220 contempserunt,
1025 2153 1164 2219 quod
1200 2171 1316 2202 eum
1351 2153 1644 2220 ignorantia
1678 2154 1828 2203 bona-

183 2250 296 2281 rum
324 2251 494 2282 rerum
523 2234 609 2282 illa
636 2235 959 2299 potissimum
988 2234 1263 2300 sumpsisse
1289 2234 1688 2284 arbitrabantur.

254 2313 351 2362 Hic
379 2331 493 2362 cum
521 2332 584 2363 ex
612 2315 855 2381 Aegypto
882 2322 1242 2375 reverteretur,
1267 2314 1489 2364 donatus
1508 2331 1538 2362 a
1562 2330 1680 2380 rege
1703 2313 1828 2363 Nec-

184 2393 424 2443 tanabide
445 2393 679 2443 ducentis
702 2395 884 2461 viginti
913 2394 1135 2455 talentis,
1161 2412 1291 2460 quae
1312 2394 1396 2443 ille
1418 2393 1617 2443 muneri
1638 2393 1828 2459 populo

184 2491 274 2523 suo
308 2474 468 2534 daret,
508 2475 834 2539 venissetque
869 2475 920 2523 in
956 2483 1178 2540 portum,
1217 2475 1303 2540 qui
1343 2474 1563 2523 Menelai
1597 2483 1823 2535 vocatur,

183 2554 349 2603 iacens
377 2555 512 2604 inter
540 2553 767 2620 Cyrenas
789 2562 841 2603 et
868 2555 1184 2621 Aegyptum,
1215 2555 1268 2603 in
1287 2554 1522 2604 morbum
1548 2553 1827 2620 implicitus

183 2633 413 2684 decessit.
493 2634 569 2683 Ibi
610 2652 726 2684 eum
758 2636 921 2696 amici,
953 2653 1055 2700 quo
1094 2634 1332 2701 Spartam
1366 2633 1564 2683 facilius
1602 2633 1827 2700 perferre

185 2722 407 2780 possent,
451 2714 588 2780 quod
626 2715 726 2764 mel
773 2733 872 2765 non
921 2716 1191 2776 habebant,
1234 2731 1348 2765 cera
1385 2714 1828 2764 circumfuderunt

185 2802 339 2859 atque
367 2795 439 2843 ita
467 2794 677 2844 domum
705 2795 1034 2846 rettulerunt.
