2004 3165
786 132 888 165 rus
899 132 1063 164 sinan.
1704 127 1766 168 65

91 253 430 307 Cretensibus
472 253 539 305 ad
586 253 824 305 Prusiam
875 254 927 304 in
979 254 1207 305 Pontum
1260 265 1512 322 pervemt.
1604 255 1763 323 Apud

90 353 246 404 quem
277 335 461 388 eodem
495 335 669 386 animo
708 335 810 386 fuit
843 353 965 404 erga
1003 335 1207 386 Italiam
1245 354 1411 403 neque
1444 336 1587 386 aliud
1627 338 1762 404 quic-

90 434 247 484 quam
292 417 402 485 egit
444 434 600 484 quam
646 434 820 485 regem
864 418 1089 467 armavit
1133 426 1186 468 et
1230 418 1464 468 exercuit
1513 417 1765 470 adversus

91 497 368 549 Romanos.
446 497 613 562 Quem
648 515 766 548 cum
798 497 1001 549 videret
1038 498 1337 549 domesticis
1369 499 1553 566 opibus
1592 499 1765 550 minus

90 596 201 631 esse
256 579 545 641 robustum,
605 579 913 631 conciliabat
968 589 1165 631 ceteros
1223 597 1382 648 regeS,
1442 579 1764 647 adiungebat

90 660 358 713 bellicosas
397 661 647 712 nationes,
736 661 1036 712 Dissidebat
1074 662 1139 711 ab
1178 680 1239 712 eo
1279 662 1631 730 Pergamenus
1671 680 1762 712 rex

90 741 362 804 Eumenes,
419 742 666 794 Romanis
718 743 1072 805 amicissimus,
1128 743 1426 810 bellumque
1483 743 1622 794 inter
1678 761 1764 794 eos

87 823 369 892 gerebatur
401 832 454 875 et
484 825 613 875 mari
647 834 701 876 et
733 834 898 889 terra;
934 825 1024 876 sed
1053 825 1331 892 utrobique
1360 825 1618 876 Eumenes
1646 826 1764 892 plus

88 904 298 956 valebat
317 915 533 973 propter
554 906 906 957 Romanorum
929 908 1229 958 societatem
1248 927 1257 967 ;
1283 924 1386 973 quo
1409 908 1574 975 magis
1596 908 1763 974 cupie-

88 985 180 1037 bat
205 1003 326 1037 eum
349 986 613 1038 Hannibal
636 988 872 1055 opprimi.
933 990 1098 1052 Quem
1121 989 1160 1038 si
1186 989 1504 1050 removisset,
1532 989 1764 1039 faciliora

87 1066 186 1118 sibi
213 1075 387 1119 cetera
413 1068 524 1119 fore
550 1069 917 1120 arbitrabatur.

56 1144 58 1149 ’
160 1148 248 1201 Ad
276 1149 412 1201 hunc
440 1150 865 1201 interficiundum
899 1151 1055 1202 talem
1089 1152 1206 1201 iniit
1240 1152 1508 1202 rationem.
1588 1152 1764 1203 Classe

87 1231 264 1299 paucis
313 1231 498 1283 diebus
548 1242 696 1283 erant
751 1232 1026 1284 decreturi.
1129 1233 1487 1300 Superabatur
1550 1234 1765 1284 navium

87 1312 457 1376 multitudine3
499 1313 620 1365 dolo
658 1324 770 1364 erat
810 1314 1162 1382 pugnandum,
1199 1332 1315 1365 cum
1356 1333 1449 1383 par
1487 1334 1590 1366 non
1627 1323 1767 1366 esset

87 1394 260 1445 armis.
341 1395 627 1463 Imperavit
671 1413 825 1462 quam
879 1396 1127 1463 plurimas
1169 1407 1451 1447 venenatas
1496 1408 1766 1465 serpentes

87 1475 235 1526 vivas
266 1475 438 1545 colligi
472 1494 659 1544 easque
693 1478 743 1527 in
785 1495 904 1526 vasa
938 1477 1114 1527 fictilia
1150 1478 1327 1528 conici.
1408 1478 1609 1529 Harum
1645 1497 1763 1529 cum

88 1557 343 1609 effecisset
382 1575 624 1626 magnam
661 1559 1068 1620 multitudinem,
1107 1558 1191 1610 die
1228 1560 1352 1627 ipso,
1389 1578 1492 1626 quo
1528 1560 1762 1611 facturus

86 1647 200 1690 erat
233 1638 418 1690 navale
452 1639 722 1707 proelium,
759 1640 1048 1690 classiarios
1077 1651 1327 1691 convocat
1363 1641 1545 1708 hisque
1574 1642 1763 1709 praeci-

86 1720 179 1788 pit,
211 1737 391 1772 omnes
418 1729 478 1771 ut
512 1722 565 1772 in
597 1739 753 1772 unam
783 1721 1028 1772 Eumenis
1058 1723 1191 1790 regis
1219 1732 1530 1774 concurrant
1558 1741 1757 1786 navem,

84 1819 116 1852 a
159 1802 344 1853 ceteris
386 1810 594 1853 tantum
637 1803 763 1853 satis
804 1802 1029 1853 habeant
1069 1822 1121 1853 se
1159 1802 1453 1854 defendere.
1535 1803 1594 1854 Id
1647 1804 1763 1854 illos

86 1882 235 1935 facile
261 1884 586 1952 serpentium
613 1883 953 1935 multitudiue
983 1893 1362 1935 consecuturos
1443 1885 1555 1935 Rex
1583 1895 1763 1935 autem

85 1964 136 2015 in
156 1982 260 2032 qua
277 1982 409 2016 nave
428 1964 720 2027 veheretur,
735 1973 795 2016 ut
813 1967 1083 2025 s‹·i1·ent‚se
1103 1966 1376 2016 facturum.
1421 1966 1585 2030 Quem
1609 1967 1761 2017 siant

84 2046 342 2114 cepissent
366 2055 461 2098 aut
495 2046 892 2109 interfecissent,
924 2066 1112 2116 magno
1141 2049 1202 2098 iis
1230 2047 1504 2115 pollicetur
1531 2049 1761 2116 praemio

89 2126 213 2179 fore.

157 2209 236 2260 ll.
278 2208 390 2260 Tali
434 2209 793 2261 cohortatione
835 2210 1060 2261 militum
1107 2211 1242 2260 facta
1282 2210 1456 2261 classis
1497 2211 1562 2261 ab
1607 2213 1759 2262 utris-

83 2306 186 2357 que
230 2289 282 2340 in
329 2290 583 2358 proelium
628 2290 920 2342 deducitur.
1018 2298 1248 2355 Quarum
1294 2293 1401 2343 acic
1453 2294 1754 2355 constituta,

84 2370 388 2438 priusquam
425 2371 633 2439 signum
673 2389 877 2440 pugnae
916 2372 1142 2433 daretur,
1182 2373 1458 2435 Hannibal,
1494 2383 1554 2424 ut
1587 2373 1755 2441 palam

82 2449 277 2501 faceret
326 2451 447 2514 suis,
494 2469 600 2519 quo
650 2452 761 2504 loco
813 2453 1068 2504 Eumenes
1119 2463 1266 2515 esset,
1323 2454 1649 2505 tabellarium
1704 2457 1754 2505 in

81 2530 272 2599 scapha
297 2548 415 2583 cum
441 2532 666 2586 caduceo
691 2535 871 2585 mittit.
930 2535 1027 2598 Qui
1056 2535 1140 2585 ubi
1163 2535 1227 2585 ad
1258 2553 1415 2586 naves
1440 2536 1756 2587 adversario·

82 2628 198 2663 rum
225 2614 466 2680 pervenit
491 2615 874 2684 epistulamque
901 2615 1180 2666 ostendens
1207 2634 1259 2668 se
1287 2635 1460 2685 regem
1494 2618 1756 2685 professus

80 2700 162 2745 est
203 2710 467 2761 quaerere,
508 2697 687 2747 statim
731 2697 796 2747 ad
846 2697 1127 2748 Eumenem
1171 2697 1429 2749 deductus
1473 2707 1565 2759 est,
1613 2698 1752 2766 quod

84 2790 237 2826 nemo
278 2773 572 2840 dubitabat,
620 2778 746 2845 quin
790 2777 987 2845 aliquid
1029 2778 1094 2829 de
1140 2797 1262 2847 pace
1307 2788 1443 2831 esset
1484 2780 1748 2847 scriptum.

81 2853 405 2909 Tabellarius
437 2856 585 2909 ducis
619 2875 751 2910 nave
789 2858 1051 2910 declarata
1086 2861 1191 2911 suis
1226 2861 1422 2922 eodem,
1465 2860 1603 2911 unde
1641 2870 1753 2911 erat

79 2951 331 3006 egmnus,
365 2955 420 2991 se
450 2940 660 3008 recepit.
738 2940 813 2991 At
851 2939 1109 2992 Eumenes
1147 2941 1318 2993 soluta
1357 2942 1581 3010 epistula
1620 2941 1754 2992 nihil.

257 3018 427 3062 (κατ)
1541 3022 1570 3056 Ε
