1971 3101
237 96 295 136 48
822 101 1094 132 CORNELIUS
1128 87 1290 132 meros.

236 234 393 285 erent,
424 232 481 273 ut
510 223 609 289 legi
635 240 739 272 non
766 221 1079 272 oboedirent.
1158 220 1268 282 Qua
1294 218 1589 268 defensione
1620 217 1720 268 illis
1745 219 1872 284 peri-

236 306 350 355 culo
381 304 608 353 liberatis
635 320 784 352 nemo
815 300 1224 368 Epaminondam
1249 315 1613 364 responsurum
1638 299 1868 364 putabat,

235 385 385 450 quod,
432 384 556 449 quid
594 383 800 443 diceret,
846 400 948 431 non
993 381 1217 430 haberet.
1295 379 1367 428 At
1407 378 1492 427 ille
1536 378 1589 427 in
1625 378 1872 428 iudicium

235 466 389 525 venit,
412 463 539 512 nihil
561 480 732 513 eorum
756 462 977 528 negavit,
999 478 1128 526 quae
1145 459 1423 508 adversarii
1444 458 1642 507 crimini
1661 458 1868 520 dabant,

234 546 505 610 omniaque
550 561 679 609 quae
725 543 945 609 collegae
989 541 1241 600 dixerant,
1287 539 1545 589 confessus
1589 546 1667 588 est
1706 556 1872 604 neque

233 625 500 684 recusavit,
532 641 633 689 quo
660 624 828 672 minus
862 622 988 688 legis
1014 637 1232 687 poenam
1262 620 1469 680 subiret,
1500 618 1590 668 sed
1620 636 1782 667 unum
1809 620 1872 668 ab

231 705 292 754 iis
331 704 530 770 petivit,
570 713 629 752 ut
666 704 718 752 in
758 701 983 768 periculo
1023 718 1114 750 suo
1153 700 1453 749 scriberent:
1492 698 1872 764 Epaminondas

232 803 260 833 a
298 784 554 834 Thebanis
593 791 757 832 morte
797 781 1049 830 multatus
1094 789 1184 840 est,
1227 779 1365 845 quod
1403 796 1487 829 eos
1526 779 1693 845 coegit
1735 778 1872 844 apud

232 865 450 914 Leuctra
489 880 727 930 superare
768 861 1209 920 LacedaemoniOS,
1251 877 1378 925 quos
1415 867 1535 909 ante
1573 876 1624 908 se
1662 859 1874 924 impera-

232 956 395 995 torem
424 962 571 994 nemo
602 944 910 993 Boeotorum
936 959 1088 990 ausus
1115 940 1216 989 fuit
1241 940 1464 1006 aspicere
1489 940 1542 988 in
1567 939 1686 1000 acie,
1717 938 1874 1004 quod-

231 1043 329 1091 que
367 1042 470 1074 uno
509 1023 703 1090 proelio
735 1040 837 1072 non
869 1021 1033 1071 solum
1065 1021 1265 1070 Thebas
1295 1021 1359 1070 ab
1390 1019 1607 1069 interitu
1636 1020 1868 1081 retraxit,

231 1105 319 1154 sed
354 1106 507 1154 etiam
547 1104 840 1152 universam
875 1102 1144 1152 Graeciam
1176 1101 1230 1149 in
1264 1100 1557 1150 libertatem
1590 1100 1873 1149 vindicavit

231 1203 391 1250 eoque
436 1202 515 1234 res
561 1193 900 1249 utrorumque
950 1181 1207 1248 perduxit,
1255 1189 1315 1230 ut
1359 1180 1589 1230 Thebani
1635 1180 1873 1246 Spartam

231 1274 604 1331 oppugnarent,
642 1264 1030 1314 Lacedaemonii
1067 1263 1190 1312 satis
1228 1261 1490 1322 haberent,
1526 1260 1569 1309 si
1603 1259 1730 1309 salvi
1765 1277 1872 1309 esse

230 1356 449 1411 possent,
505 1363 670 1411 neque
720 1346 861 1411 prius
922 1344 1111 1393 bellare
1161 1342 1377 1402 destitit,
1432 1359 1587 1407 quam
1641 1340 1872 1390 Messene

230 1427 470 1475 restituta
521 1426 701 1475 urbem
752 1443 928 1475 eorum
973 1423 1237 1474 obsidione
1282 1422 1476 1471 clausit.
1573 1421 1713 1470 Haec
1758 1438 1872 1470 cum

229 1506 456 1567 dixisset,
487 1506 618 1555 risus
653 1507 881 1555 omnium
913 1522 1029 1554 cum
1061 1504 1322 1553 hilaritate
1351 1509 1553 1552 coortus
1587 1509 1677 1562 est,
1707 1519 1872 1567 neque

230 1588 502 1652 quisquam
532 1587 689 1636 iudex
714 1604 868 1636 ausus
901 1594 978 1636 est
1004 1584 1068 1634 de
1095 1602 1154 1634 eo
1186 1584 1319 1633 ferre
1346 1583 1658 1649 suffragium.
1736 1581 1817 1631 Sic
1843 1599 1872 1631 a

230 1669 418 1718 iudicio
445 1669 626 1734 capitis
653 1668 876 1716 maxima
903 1667 1135 1717 discessit
1160 1666 1336 1732 gloria.

300 1752 343 1802 9.
388 1752 485 1801 Hic
521 1760 753 1801 extremo
793 1759 1023 1816 tempore
1062 1751 1342 1816 imperator
1378 1747 1517 1815 apud
1554 1747 1871 1797 Mantineam

232 1850 346 1882 cum
383 1833 488 1882 acie
528 1833 780 1881 instructa
817 1831 1060 1881 audacius
1096 1830 1312 1880 instaret
1349 1829 1535 1890 hostes,
1571 1828 1806 1895 cognitus
1842 1845 1873 1877 a

233 1913 660 1973 Lacedaemoniis,
692 1912 830 1978 quod
857 1913 910 1961 in
936 1912 1089 1961 unius
1116 1911 1339 1977 pernicie
1365 1910 1473 1960 eius
1499 1909 1695 1975 patriae
1722 1908 1872 1958 sitam

230 1994 483 2059 putabant
522 1993 753 2054 salutem,
795 1993 1020 2042 universi
1062 1992 1113 2040 in
1151 2008 1313 2040 unum
1350 1990 1601 2056 impetum
1640 1988 1873 2038 fecerunt

230 2091 395 2139 neque
428 2074 568 2140 prius
603 2074 969 2133 abscesserunt,
1006 2090 1160 2138 quam
1190 2089 1378 2138 magna
1409 2069 1561 2120 caede
1592 2068 1872 2134 multisque

229 2155 403 2203 occisis
430 2154 706 2203 fortissime
739 2154 907 2219 ipsum
934 2151 1343 2218 Epaminondam
1373 2157 1692 2218 pugnantem
1723 2166 1871 2215 sparo

229 2234 427 2282 eminus
488 2250 784 2299 percussum
846 2232 1110 2282 concidere
1171 2231 1426 2281 viderunt.
1522 2230 1692 2280 Huius
1753 2246 1871 2279 casu

228 2312 550 2377 aliquantum
593 2312 841 2363 retardati
887 2321 1007 2362 sunt
1048 2312 1261 2372 Boeotii,
1311 2327 1476 2376 neque
1517 2317 1689 2359 tamen
1730 2309 1871 2375 prius

229 2410 399 2459 pugna
431 2400 771 2454 excesserunt,
810 2410 962 2458 quam
998 2391 1333 2458 repugnantis
1366 2389 1719 2456 profligarunt.
1797 2389 1871 2438 At

230 2473 605 2538 Epaminondas
637 2491 750 2522 cum
779 2472 1215 2522 animadverteret
1245 2469 1570 2520 mortiferum
1597 2485 1650 2519 se
1681 2468 1869 2518 vulnus

227 2554 478 2618 accepisse
506 2553 770 2618 simulque,
801 2554 839 2602 si
874 2553 1080 2612 ferrum,
1111 2550 1248 2617 quod
1276 2568 1340 2600 ex
1371 2549 1544 2599 hastili
1571 2549 1624 2598 in
1660 2566 1870 2615 corpore

227 2641 553 2693 remanserat,
576 2633 896 2693 extraxisset,
913 2633 1143 2702 'animam
1165 2631 1341 2680 statim
1363 2630 1682 2690 emissurum,
1705 2645 1867 2694 usque

227 2729 286 2761 eo
314 2713 542 2773 retinuit,
573 2712 741 2778 quoad
774 2712 1128 2762 renuntiatum
1160 2718 1238 2761 est
1263 2710 1443 2760 vicisse
1475 2709 1727 2760 Boeotios.
1806 2707 1866 2758 Id

226 2800 497 2857 postquam
535 2792 749 2853 audivit,
797 2791 1012 2841 “Satis''
1050 2791 1221 2857 inquit
1263 2790 1437 2840 “vixi:
1477 2774 1867 2839 invictus-enim

450 2872 458 2891 ἲ

231 2872 441 2922 morior⁷
465 2912 474 2921 .
555 2872 688 2922 Tum
720 2872 855 2922 ferro
882 2879 1115 2921 extracto
1143 2871 1414 2922 confestim
1441 2870 1764 2920 exanimatus
1790 2874 1869 2918 est
